
@Article{	  AbuGroSimCareatal19,
  author	= {Ola Abualghaib and Nora Groce and Natalie Simeu and Mark
		  Carew and Daniel Mont},
  title		= {Making visible the invisible: Why disability-disaggregated
		  data is vital to ``leave non-one behind''},
  journal	= {Sustainability},
  volume	= {11},
  year		= {2019}
}

@InProceedings{	  adel2018discovering,
  title		= {Discovering interpretable representations for both deep
		  generative and discriminative models},
  author	= {Adel, Tameem and Ghahramani, Zoubin and Weller, Adrian},
  booktitle	= {International Conference on Machine Learning (ICML)},
  pages		= {50--59},
  year		= {2018}
}

@Article{	  adler2018auditing,
  title		= {Auditing black-box models for indirect influence},
  author	= {Adler, Philip and Falk, Casey and Friedler, Sorelle A and
		  Nix, Tionney and Rybeck, Gabriel and Scheidegger, Carlos
		  and Smith, Brandon and Venkatasubramanian, Suresh},
  journal	= {Knowledge and Information Systems},
  volume	= {54},
  number	= {1},
  pages		= {95--122},
  year		= {2018},
  publisher	= {Springer}
}

@InProceedings{	  AgaBeyDudLanetal18,
  title		= {A Reductions Approach to Fair Classification},
  author	= {Agarwal, Alekh and Beygelzimer, Alina and Dudik, Miroslav
		  and Langford, John and Wallach, Hanna},
  booktitle	= {ICML},
  pages		= {60--69},
  year		= {2018},
  volume	= {80}
}

@Article{	  agrawal2020debiasing,
  title		= {Debiasing classifiers: is reality at variance with
		  expectation?},
  author	= {Agrawal, Ashrya and Pfisterer, Florian and Bischl, Bernd
		  and Chen, Jiahao and Sood, Srijan and Shah, Sameena and
		  Buet-Golfouse, Francois and Mateen, Bilal A and Vollmer,
		  Sebastian},
  journal	= {arXiv preprint arXiv:2011.02407},
  year		= {2020}
}

@Article{	  akata2015,
  title		= {Label-embedding for image classification},
  author	= {Akata, Zeynep and Perronnin, Florent and Harchaoui, Zaid
		  and Schmid, Cordelia},
  journal	= {IEEE transactions on pattern analysis and machine
		  intelligence},
  volume	= {38},
  number	= {7},
  pages		= {1425--1438},
  year		= {2015},
  publisher	= {IEEE}
}

@InProceedings{	  akata2015evaluation,
  title		= {Evaluation of output embeddings for fine-grained image
		  classification},
  author	= {Akata, Zeynep and Reed, Scott and Walter, Daniel and Lee,
		  Honglak and Schiele, Bernt},
  booktitle	= {Proceedings of the IEEE Conference on Computer Vision and
		  Pattern Recognition},
  pages		= {2927--2936},
  year		= {2015}
}

@InProceedings{	  Alvi2018TurningAB,
  title		= {Turning a Blind Eye: Explicit Removal of Biases and
		  Variation from Deep Neural Network Embeddings},
  author	= {Mohsan S. Alvi and Andrew Zisserman and Christoffer
		  Nell{\aa}ker},
  booktitle	= {ECCV Workshops},
  year		= {2018}
}

@Article{	  angwin2016machine,
  title		= {Machine bias},
  author	= {Angwin, Julia and Larson, Jeff and Mattu, Surya and
		  Kirchner, Lauren},
  journal	= {ProPublica, May},
  volume	= {23},
  year		= {2016}
}

@Article{	  ardizzone2019guided,
  title		= {Guided Image Generation with Conditional Invertible Neural
		  Networks},
  author	= {Ardizzone, Lynton and L{\"u}th, Carsten and Kruse, Jakob
		  and Rother, Carsten and K{\"o}the, Ullrich},
  journal	= {arXiv preprint arXiv:1907.02392},
  year		= {2019}
}

@Article{	  arjovsky2019invariant,
  title		= {Invariant risk minimization},
  author	= {Arjovsky, Martin and Bottou, L{\'e}on and Gulrajani,
		  Ishaan and Lopez-Paz, David},
  journal	= {arXiv preprint arXiv: 1907.02893},
  year		= {2019}
}

@Article{	  backurs2019scalable,
  title		= {Scalable fair clustering},
  author	= {Backurs, Arturs and Indyk, Piotr and Onak, Krzysztof and
		  Schieber, Baruch and Vakilian, Ali and Wagner, Tal},
  journal	= {arXiv preprint arXiv:1902.03519},
  year		= {2019}
}

@InProceedings{	  BarCraShaWal17,
  author	= {Solon Barocas and Kate Crawford and Aaron Shapiro and
		  Hanna Wallach},
  title		= {The problem with bias: from allocative to representational
		  harms in machine learning},
  booktitle	= {Special Interest Group for Computing, Information and
		  Society (SIGCIS)},
  year		= {2017}
}

@Book{		  BarHarNar19,
  title		= {Fairness and Machine Learning},
  author	= {Solon Barocas and Moritz Hardt and Arvind Narayanan},
  publisher	= {fairmlbook.org},
  note		= {\url{http://www.fairmlbook.org}},
  year		= {2019}
}

@Article{	  BarSel16,
  author	= {Solon Barocas and Andrew D. Selbst},
  title		= {Big Data's Disparate Impact},
  journal	= {California Law Review},
  volume	= {104},
  pages		= {671--732},
  year		= {2016}
}

@Article{	  bechavod2017penalizing,
  title		= {Penalizing Unfairness in Binary Classification},
  author	= {Bechavod, Yahav and Ligett, Katrina},
  journal	= {arXiv preprint arXiv:1707.00044},
  year		= {2017}
}

@Article{	  bengio2013estimating,
  title		= {Estimating or propagating gradients through stochastic
		  neurons for conditional computation},
  author	= {Bengio, Yoshua and L{\'e}onard, Nicholas and Courville,
		  Aaron},
  journal	= {arXiv preprint arXiv:1308.3432},
  year		= {2013}
}

@InProceedings{	  beutel2017data,
  title		= "{Data Decisions and Theoretical Implications when
		  Adversarially Learning Fair Representations}",
  author	= {{Beutel}, Alex and {Chen}, Jilin and {Zhao}, Zhe and
		  {Chi}, Ed H.},
  booktitle	= {Workshop on Fairness, Accountability, and Transparency in
		  Machine Learning (FAT/ML)},
  year		= "2017"
}

@InProceedings{	  blum2020recovering,
  title		= {Recovering from Biased Data: Can Fairness Constraints
		  Improve Accuracy?},
  author	= {Blum, Avrim and Stangl, Kevin},
  booktitle	= {1st Symposium on Foundations of Responsible Computing
		  (FORC 2020)},
  year		= {2020},
  organization	= {Schloss Dagstuhl-Leibniz-Zentrum f{\"u}r Informatik}
}

@Article{	  bonilla2016generic,
  title		= {Generic Inference in Latent Gaussian Process Models},
  author	= {Bonilla, Edwin V and Krauth, Karl and Dezfouli, Amir},
  journal	= {arXiv preprint arXiv:1609.00577},
  year		= {2016}
}

@InProceedings{	  bucher2019,
  title		= {Zero-Shot Semantic Segmentation},
  author	= {Bucher, Maxime and Vu,Tuan-Hung and Cord, Matthieu and
		  PÃ©rez,Patrick},
  booktitle	= {Advances in Neural Information Processing Systems},
  year		= {2019}
}

@InProceedings{	  calders2009building,
  title		= {Building classifiers with independency constraints},
  author	= {Calders, Toon and Kamiran, Faisal and Pechenizkiy,
		  Mykola},
  booktitle	= {Data mining workshops, 2009. ICDMW'09. IEEE international
		  conference on},
  pages		= {13--18},
  year		= {2009},
  organization	= {IEEE}
}

@Article{	  calders2010three,
  title		= {Three naive Bayes approaches for discrimination-free
		  classification},
  author	= {Calders, Toon and Verwer, Sicco},
  journal	= {Data Mining and Knowledge Discovery},
  volume	= {21},
  number	= {2},
  pages		= {277--292},
  year		= {2010},
  publisher	= {Springer}
}

@InProceedings{	  calmon2017optimized,
  title		= {Optimized pre-processing for discrimination prevention},
  author	= {Calmon, Flavio and Wei, Dennis and Vinzamuri, Bhanukiran
		  and Ramamurthy, Karthikeyan Natesan and Varshney, Kush R},
  booktitle	= {Advances in Neural Information Processing Systems (NIPS)},
  pages		= {3992--4001},
  year		= {2017}
}

@InCollection{	  ChaSchZie06,
  author	= {Olivier Chapelle and Bernhard Sch{\"{o}}lkopf and
		  Alexander Zien},
  editor	= {Olivier Chapelle and Bernhard Sch{\"{o}}lkopf and
		  Alexander Zien},
  title		= {Introduction to Semi-Supervised Learning},
  booktitle	= {Semi-Supervised Learning},
  pages		= {1--12},
  publisher	= {The {MIT} Press},
  year		= {2006}
}

@Article{	  chazal2013persistence,
  author	= {Chazal, Fr\'{e}d\'{e}ric and Guibas, Leonidas J. and
		  Oudot, Steve Y. and Skraba, Primoz},
  title		= {Persistence-Based Clustering in Riemannian Manifolds},
  year		= {2013},
  issue_date	= {November 2013},
  publisher	= {Association for Computing Machinery},
  address	= {New York, NY, USA},
  volume	= {60},
  number	= {6},
  doi		= {10.1145/2535927},
  journal	= {J. ACM},
  articleno	= {41},
  numpages	= {38}
}

@InProceedings{	  chiappa2019path,
  title		= {Path-specific counterfactual fairness},
  author	= {Chiappa, Silvia},
  booktitle	= {Proceedings of the AAAI Conference on Artificial
		  Intelligence},
  volume	= {33},
  pages		= {7801--7808},
  year		= {2019}
}

@InProceedings{	  chierichetti2017fair,
  title		= {Fair clustering through fairlets},
  author	= {Chierichetti, Flavio and Kumar, Ravi and Lattanzi, Silvio
		  and Vassilvitskii, Sergei},
  booktitle	= {Advances in Neural Information Processing Systems},
  pages		= {5029--5037},
  year		= {2017}
}

@InProceedings{	  choi2018stargan,
  title		= {Star{GAN}: Unified generative adversarial networks for
		  multi-domain image-to-image translation},
  author	= {Choi, Yunjey and Choi, Minje and Kim, Munyoung and Ha,
		  Jung-Woo and Kim, Sunghun and Choo, Jaegul},
  booktitle	= {Proceedings of the IEEE Conference on Computer Vision and
		  Pattern Recognition},
  pages		= {8789--8797},
  year		= {2018}
}

@Article{	  ChoRot18,
  author	= {Alexandra Chouldechova and Aaron Roth},
  title		= {The Frontiers of Fairness in Machine Learning},
  journal	= {arXiv preprint arXiv:1810.08810},
  year		= {2018}
}

@Article{	  chouldechova2017fair,
  title		= {Fair prediction with disparate impact: A study of bias in
		  recidivism prediction instruments},
  author	= {Chouldechova, Alexandra},
  journal	= {Big data},
  volume	= {5},
  number	= {2},
  pages		= {153--163},
  year		= {2017}
}

@Article{	  clanuwat2018deep,
  title		= {Deep learning for classical japanese literature},
  author	= {Clanuwat, Tarin and Bober-Irizar, Mikel and Kitamoto,
		  Asanobu and Lamb, Alex and Yamamoto, Kazuaki and Ha,
		  David},
  journal	= {arXiv preprint arXiv:1812.01718},
  year		= {2018}
}

@InProceedings{	  cohen2017emnist,
  title		= {EMNIST: Extending MNIST to handwritten letters},
  author	= {Cohen, Gregory and Afshar, Saeed and Tapson, Jonathan and
		  Van Schaik, Andre},
  booktitle	= {2017 International Joint Conference on Neural Networks
		  (IJCNN)},
  pages		= {2921--2926},
  year		= {2017},
  organization	= {IEEE}
}

@InProceedings{	  corbett2017algorithmic,
  title		= {Algorithmic decision making and the cost of fairness},
  author	= {Corbett-Davies, Sam and Pierson, Emma and Feller, Avi and
		  Goel, Sharad and Huq, Aziz},
  booktitle	= {Proceedings of the 23rd ACM SIGKDD International
		  Conference on Knowledge Discovery and Data Mining},
  pages		= {797--806},
  year		= {2017}
}

@Article{	  CotJiaWanNar18,
  author	= {Andrew Cotter and Heinrich Jiang and Serena Wang and Taman
		  Narayan and Maya R. Gupta and Seungil You and Karthik
		  Sridharan},
  title		= {Optimization with Non-Differentiable Constraints with
		  Applications to Fairness, Recall, Churn, and Other Goals},
  journal	= {arXiv preprint arXiv:1809.04198},
  year		= {2018}
}

@InProceedings{	  creager2020causal,
  title		= {Causal Modeling for Fairness In Dynamical Systems},
  author	= {Creager, Elliot and Madras, David and Pitassi, Toniann and
		  Zemel, Richard},
  booktitle	= {Proceedings of the 37th International Conference on
		  Machine Learning},
  pages		= {2185--2195},
  year		= {2020},
  editor	= {Hal DaumÃ© III and Aarti Singh},
  volume	= {119},
  address	= {Virtual},
  month		= {7},
  publisher	= {PMLR}
}

@InProceedings{	  creager2020environment,
  title		= {Environment Inference for Invariant Learning},
  author	= {Elliot Creager and J{\"{o}}rn{-}Henrik Jacobsen and Richard
		  Zemel},
  booktitle	= {ICML Workshop on Uncertainty and Robustness},
  year		= {2020}
}

@InProceedings{	  creager2019flexibly,
  title		= {Flexibly Fair Representation Learning by Disentanglement},
  author	= {Elliot Creager and David Madras and J{\"{o}}rn{-}Henrik Jacobsen
      and Marissa Weis and Kevin Swersky and
		  Toniann Pitassi and Richard Zemel},
  booktitle	= {International Conference on Machine Learning (ICML)},
  pages		= {1436--1445},
  year		= {2019},
  editor	= {Chaudhuri, Kamalika and Salakhutdinov, Ruslan},
  volume	= {97},
  series	= {Proceedings of Machine Learning Research},
  publisher	= {PMLR}
}

@InProceedings{	  dauphin2017language,
  title		= {Language modeling with gated convolutional networks},
  author	= {Dauphin, Yann N and Fan, Angela and Auli, Michael and
		  Grangier, David},
  booktitle	= {Proceedings of the 34th International Conference on
		  Machine Learning-Volume 70},
  pages		= {933--941},
  year		= {2017},
  organization	= {JMLR. org}
}

@InProceedings{	  DeaRuzSegShletal13,
  author	= {Thomas L. Dean and Mark A. Ruzon and Mark Segal and
		  Jonathon Shlens and Sudheendra Vijayanarasimhan and Jay
		  Yagnik},
  title		= {Fast, Accurate Detection of 100, 000 Object Classes on a
		  Single Machine},
  booktitle	= {2013 {IEEE} Conference on Computer Vision and Pattern
		  Recognition, Portland, OR, USA, June 23-28, 2013},
  pages		= {1814--1821},
  publisher	= {{IEEE} Computer Society},
  year		= {2013}
}

@Article{	  dedeo2014wrong,
  title		= {Wrong side of the tracks: Big Data and Protected
		  Categories},
  author	= {DeDeo, Simon},
  journal	= {arXiv preprint arXiv:1412.4643},
  year		= {2014}
}

@InProceedings{	  DezBon15,
  author	= {Amir Dezfouli and Edwin V. Bonilla},
  title		= {Scalable Inference for {G}aussian Process Models with
		  Black-Box Likelihoods},
  booktitle	= {Advances in Neural Information Processing Systems (NIPS)},
  pages		= {1414--1422},
  year		= {2015}
}

@InProceedings{	  dezfouli2015scalable,
  author	= {Amir Dezfouli and Edwin V. Bonilla},
  title		= {Scalable Inference for Gaussian Process Models with
		  Black-Box Likelihoods},
  booktitle	= {Advances in Neural Information Processing Systems},
  pages		= {1414--1422},
  year		= {2015}
}

@InProceedings{	  DimLiuParRad19,
  title		= {Bayesian fairness},
  author	= {Dimitrakakis, Christos and Liu, Yang and Parkes, David C
		  and Radanovic, Goran},
  booktitle	= {Proceedings of the AAAI Conference on Artificial
		  Intelligence},
  volume	= {33},
  pages		= {509--516},
  year		= {2019}
}

@InProceedings{	  Dinh2014,
  title		= {NICE: Non-linear Independent Components Estimation},
  author	= {Laurent Dinh and David Krueger and Yoshua Bengio},
  booktitle	= {International Conference on Learning Representations
		  (ICLR)},
  year		= {2014}
}

@InProceedings{	  DinSohJasBen2017,
  author	= {{Dinh}, Laurent and {Sohl-Dickstein}, Jascha and {Bengio},
		  Samy},
  title		= "{Density estimation using {R}eal NVP}",
  booktitle	= {Proceedings of the 5th International Conference on
		  Learning Representations (ICLR)},
  year		= "2017"
}

@InProceedings{	  DonOneBenShaetal18,
  title		= {Empirical Risk Minimization Under Fairness Constraints},
  author	= {Donini, Michele and Oneto, Luca and Ben-David, Shai and
		  Shawe-Taylor, John S and Pontil, Massimiliano},
  booktitle	= {NeurIPS},
  pages		= {2796--2806},
  year		= {2018}
}

@Misc{		  Dua:2017,
  author	= "Dheeru, Dua and Karra Taniskidou, Efi",
  year		= "2017",
  title		= "{UCI} Machine Learning Repository",
  url		= "http://archive.ics.uci.edu/ml"
}

@Article{	  DunYiLanReetal19,
  title		= {Assessment of convolutional neural networks for automated
		  classification of chest radiographs},
  author	= {Jared A Dunnmon and Darvin Yi and Curtis P Langlotz and
		  Christopher R\'e and Daniel L Rubin and Matthew P Lungren},
  journal	= {Radiology},
  volume	= {290},
  number	= {2},
  pages		= {537--544},
  year		= {2019}
}

@Article{	  durkan2019neural,
  title		= {Neural Spline Flows},
  author	= {Durkan, Conor and Bekasov, Artur and Murray, Iain and
		  Papamakarios, George},
  journal	= {arXiv preprint arXiv:1906.04032},
  year		= {2019}
}

@InProceedings{	  durugkar2016generative,
  author	= {Ishan P. Durugkar and Ian Gemp and Sridhar Mahadevan},
  title		= {Generative Multi-Adversarial Networks},
  booktitle	= {International Conference on Learning Representations
		  (ICLR)},
  year		= {2017}
}

@InProceedings{	  dwork2012fairness,
  title		= {Fairness through awareness},
  author	= {Dwork, Cynthia and Hardt, Moritz and Pitassi, Toniann and
		  Reingold, Omer and Zemel, Richard},
  booktitle	= {Proceedings of the 3rd innovations in theoretical computer
		  science conference},
  pages		= {214--226},
  year		= {2012},
  organization	= {ACM}
}

@InProceedings{	  edwards2016censoring,
  title		= "Censoring Representations with an Adversary",
  author	= {{Edwards}, Harrison and {Storkey}, Amos},
  year		= "2016",
  month		= "2",
  booktitle	= "International Conference in Learning Representations
		  (ICLR)"
}

@Article{	  everitt2017reinforcement,
  title		= {Reinforcement learning with a corrupted reward channel},
  author	= {Everitt, Tom and Krakovna, Victoria and Orseau, Laurent
		  and Hutter, Marcus and Legg, Shane},
  journal	= {arXiv preprint arXiv:1705.08417},
  year		= {2017}
}

@InProceedings{	  feldman2015certifying,
  title		= {Certifying and removing disparate impact},
  author	= {Feldman, Michael and Friedler, Sorelle A and Moeller, John
		  and Scheidegger, Carlos and Venkatasubramanian, Suresh},
  booktitle	= {Proceedings of the 21th ACM SIGKDD International
		  Conference on Knowledge Discovery and Data Mining},
  pages		= {259--268},
  year		= {2015},
  organization	= {ACM}
}

@Article{	  feng2019learning,
  title		= {Learning fair representations via an adversarial
		  framework},
  author	= {Feng, Rui and Yang, Yang and Lyu, Yuehan and Tan, Chenhao
		  and Sun, Yizhou and Wang, Chunping},
  journal	= {arXiv preprint arXiv:1904.13341},
  year		= {2019}
}

@InProceedings{	  forman2005counting,
  title		= {Counting positives accurately despite inaccurate
		  classification},
  author	= {Forman, George},
  booktitle	= {European Conference on Machine Learning},
  pages		= {564--575},
  year		= {2005},
  organization	= {Springer}
}

@InProceedings{	  FourIslKeyPan20,
  author	= {James R. Foulds and Rashidul Islam and Kamrun Naher Keya
		  and Shimei Pan},
  editor	= {Carlotta Demeniconi and Nitesh V. Chawla},
  title		= {Bayesian Modeling of Intersectional Fairness: The Variance
		  of Bias},
  booktitle	= {Proceedings of the 2020 {SIAM} International Conference on
		  Data Mining, {SDM} 2020, Cincinnati, Ohio, USA, May 7-9,
		  2020 [the conference was canceled because of the
		  coronavirus pandemic, the reviewed papers are published in
		  this volume]},
  pages		= {424--432},
  publisher	= {{SIAM}},
  year		= {2020}
}

@Article{	  friedler2016possibility,
  title		= {On the (im) possibility of fairness},
  author	= {Friedler, Sorelle A and Scheidegger, Carlos and
		  Venkatasubramanian, Suresh},
  journal	= {arXiv preprint arXiv: 1609.07236},
  year		= {2016}
}

@Article{	  friedler2018comparative,
  title		= {A comparative study of fairness-enhancing interventions in
		  machine learning},
  author	= {Friedler, Sorelle A and Scheidegger, Carlos and
		  Venkatasubramanian, Suresh and Choudhary, Sonam and
		  Hamilton, Evan P and Roth, Derek},
  journal	= {arXiv preprint arXiv:1802.04422},
  year		= {2018}
}

@Article{	  FriSchVen16,
  author	= {Sorelle A. Friedler and Carlos Scheidegger and Suresh
		  Venkatasubramanian},
  title		= {On the (im)possibility of fairness},
  journal	= {CoRR},
  volume	= {abs/1609.07236},
  year		= {2016}
}

@Article{	  ganin2016domain,
  title		= {Domain-adversarial training of Neural Networks},
  author	= {Ganin, Yaroslav and Ustinova, Evgeniya and Ajakan, Hana
		  and Germain, Pascal and Larochelle, Hugo and Laviolette,
		  Fran{\c{c}}ois and Marchand, Mario and Lempitsky, Victor},
  journal	= {Journal of Machine Learning Research},
  volume	= {17},
  number	= {1},
  pages		= {2096--2030},
  year		= {2016}
}

@InProceedings{	  GanVanGeoProetal20,
  author	= {Wouter Van Gansbeke and Simon Vandenhende and Stamatios
		  Georgoulis and Marc Proesmans and Luc Van Gool},
  editor	= {Andrea Vedaldi and Horst Bischof and Thomas Brox and
		  Jan{-}Michael Frahm},
  title		= {{SCAN:} Learning to Classify Images Without Labels},
  booktitle	= {Computer Vision - {ECCV} 2020 - 16th European Conference,
		  Glasgow, UK, August 23-28, 2020, Proceedings, Part {X}},
  series	= {Lecture Notes in Computer Science},
  volume	= {12355},
  pages		= {268--285},
  publisher	= {Springer},
  year		= {2020}
}

@InProceedings{	  gardner2018gpytorch,
  title		= {G{P}y{T}orch: Blackbox Matrix-Matrix Gaussian Process
		  Inference with {GPU} Acceleration},
  author	= {Gardner, Jacob R and Pleiss, Geoff and Bindel, David and
		  Weinberger, Kilian Q and Wilson, Andrew Gordon},
  booktitle	= {NeurIPS},
  pages		= {7587--7597},
  year		= {2018}
}

@Article{	  GatEckBet17,
  title		= "Texture and art with deep neural networks",
  journal	= "Current Opinion in Neurobiology",
  volume	= "46",
  pages		= "178 - 186",
  author	= "Leon A .Gatys and Alexander S Ecker and Matthias Bethge",
  year		= "2017"
}

@InProceedings{	  gatys2016image,
  title		= {Image style transfer using convolutional neural networks},
  author	= {Gatys, Leon A and Ecker, Alexander S and Bethge,
		  Matthias},
  booktitle	= {Proceedings of the IEEE conference on computer vision and
		  pattern recognition},
  pages		= {2414--2423},
  year		= {2016}
}

@InProceedings{	  Geir18,
  title		= {ImageNet-trained CNNs are biased towards texture;
		  increasing shape bias improves accuracy and robustness},
  author	= {Robert Geirhos and Patricia Rubisch and Claudio Michaelis
		  and Matthias Bethge and Felix A. Wichmann and Wieland
		  Brendel},
  booktitle	= {International Conference on Learning Representations
		  (ICLR)},
  year		= {2019}
}

@InProceedings{	  GohCotGupFri16,
  title		= {Satisfying Real-world Goals with Dataset Constraints},
  author	= {Goh, Gabriel and Cotter, Andrew and Gupta, Maya and
		  Friedlander, Michael P},
  booktitle	= {Advances in Neural Information Processing Systems},
  editor	= {D. D. Lee and M. Sugiyama and U. V. Luxburg and I. Guyon
		  and R. Garnett},
  pages		= {2415--2423},
  year		= {2016}
}

@InProceedings{	  GooAbaMirXuetal14,
  author	= {Ian J. Goodfellow and Jean Pouget{-}Abadie and Mehdi Mirza
		  and Bing Xu and David Warde{-}Farley and Sherjil Ozair and
		  Aaron C. Courville and Yoshua Bengio},
  editor	= {Zoubin Ghahramani and Max Welling and Corinna Cortes and
		  Neil D. Lawrence and Kilian Q. Weinberger},
  title		= {Generative Adversarial Nets},
  booktitle	= {Advances in Neural Information Processing Systems 27:
		  Annual Conference on Neural Information Processing Systems
		  2014, December 8-13 2014, Montreal, Quebec, Canada},
  pages		= {2672--2680},
  year		= {2014}
}

@InProceedings{	  Goodfellow14,
  author	= {Goodfellow, Ian J. and Pouget-Abadie, Jean and Mirza,
		  Mehdi and Xu, Bing and Warde-Farley, David and Ozair,
		  Sherjil and Courville, Aaron and Bengio, Yoshua},
  title		= {Generative Adversarial Nets},
  booktitle	= {Proceedings of the 27th International Conference on Neural
		  Information Processing Systems - Volume 2},
  series	= {NIPS'14},
  year		= {2014},
  location	= {Montreal, Canada},
  pages		= {2672--2680},
  numpages	= {9},
  url		= {http://dl.acm.org/citation.cfm?id=2969033.2969125},
  acmid		= {2969125},
  publisher	= {MIT Press},
  address	= {Cambridge, MA, USA}
}

@Article{	  GPflow2017,
  author	= {Matthews, Alexander G. de G. and {van der Wilk}, Mark and
		  Nickson, Tom and Fujii, Keisuke. and {Boukouvalas}, Alexis
		  and {Le{\'o}n-Villagr{\'a}}, Pablo and Ghahramani, Zoubin
		  and Hensman, James},
  title		= "{{GP}flow: A {G}aussian process library using
		  {T}ensor{F}low}",
  journal	= {Journal of Machine Learning Research},
  year		= {2017},
  month		= {apr},
  volume	= {18},
  number	= {40},
  pages		= {1-6},
  url		= {http://jmlr.org/papers/v18/16-537.html}
}

@InProceedings{	  gretton2008kernel,
  title		= {A kernel statistical test of independence},
  author	= {Gretton, Arthur and Fukumizu, Kenji and Teo, Choon H and
		  Song, Le and Sch{\"o}lkopf, Bernhard and Smola, Alex J},
  booktitle	= {Advances in neural information processing systems},
  pages		= {585--592},
  year		= {2008}
}

@Article{	  GroChoShuErm19,
  author	= {Aditya Grover and Kristy Choi and Rui Shu and Stefano
		  Ermon},
  title		= {Fair Generative Modeling via Weak Supervision},
  journal	= {CoRR},
  volume	= {abs/1910.12008},
  year		= {2019}
}

@InProceedings{	  grover2018flowgan,
  title		= {Flow-GAN: Combining Maximum Likelihood and Adversarial
		  Learning in Generative Models},
  author	= {Grover, Aditya and Dhar, Manik and Ermon, Stefano},
  booktitle	= {AAAI Conference on Artificial Intelligence},
  year		= {2018}
}

@Article{	  hamerly2004learning,
  title		= {Learning the k in k-means},
  author	= {Hamerly, Greg and Elkan, Charles},
  journal	= {Advances in Neural Information Processing Systems},
  volume	= {16},
  pages		= {281--288},
  year		= {2004},
  publisher	= {MIT Press}
}

@InProceedings{	  HanRebEhrVedetal20,
  author	= {Kai Han and Sylvestre{-}Alvise Rebuffi and S{\'{e}}bastien
		  Ehrhardt and Andrea Vedaldi and Andrew Zisserman},
  title		= {Automatically Discovering and Learning New Visual
		  Categories with Ranking Statistics},
  booktitle	= {8th International Conference on Learning Representations,
		  {ICLR} 2020, Addis Ababa, Ethiopia, April 26-30, 2020},
  publisher	= {OpenReview.net},
  year		= {2020},
  url		= {https://openreview.net/forum?id=BJl2\_nVFPB},
  timestamp	= {Thu, 07 May 2020 17:11:47 +0200},
  biburl	= {https://dblp.org/rec/conf/iclr/HanREVZ20.bib},
  bibsource	= {dblp computer science bibliography, https://dblp.org}
}

@InProceedings{	  hardt2016equality,
  title		= {Equality of Opportunity in Supervised Learning},
  author	= {Hardt, Moritz and Price, Eric and Srebro, Nati},
  booktitle	= {Advances in Neural Information Processing Systems},
  pages		= {3315--3323},
  year		= {2016}
}

@InProceedings{	  HasSriNamLia18,
  author	= {Tatsunori B. Hashimoto and Megha Srivastava and Hongseok
		  Namkoong and Percy Liang},
  editor	= {Jennifer G. Dy and Andreas Krause},
  title		= {Fairness Without Demographics in Repeated Loss
		  Minimization},
  booktitle	= {Proceedings of the 35th International Conference on
		  Machine Learning, {ICML} 2018, Stockholmsm{\"{a}}ssan,
		  Stockholm, Sweden, July 10-15, 2018},
  series	= {Proceedings of Machine Learning Research},
  volume	= {80},
  pages		= {1934--1943},
  publisher	= {{PMLR}},
  year		= {2018}
}

@Article{	  Hendricks05,
  author	= {Jon Hendricks},
  title		= {Ageism: Looking across the margin in the new millennium},
  journal	= {Generations},
  volume	= {3},
  pages		= {5--7},
  year		= {2005}
}

@InProceedings{	  HenMatFilGha15,
  author	= {James Hensman and Alexander G. de G. Matthews and Maurizio
		  Filippone and Zoubin Ghahramani},
  title		= {{MCMC} for Variationally Sparse Gaussian Processes},
  booktitle	= {Advances in Neural Information Processing Systems (NIPS)},
  pages		= {1648--1656},
  year		= {2015}
}

@InProceedings{	  hensman2015scalable,
  title		= {Scalable variational Gaussian process classification},
  author	= {Hensman, James and Matthews, Alexander and Ghahramani,
		  Zoubin},
  year		= {2015},
  booktitle	= {AISTATS}
}

@InProceedings{	  HerLiRowBuietal16,
  author	= {Jos{\'{e}} Miguel Hern{\'{a}}ndez{-}Lobato and Yingzhen Li
		  and Mark Rowland and Thang D. Bui and Daniel
		  Hern{\'{a}}ndez{-}Lobato and Richard E. Turner},
  title		= {Black-Box Alpha Divergence Minimization},
  booktitle	= {International Conference on Machine Learning (ICML)},
  pages		= {1511--1520},
  year		= {2016}
}

@InProceedings{	  hernandez2014mind,
  title		= {Mind the nuisance: Gaussian process classification using
		  privileged noise},
  author	= {Hern{\'a}ndez-Lobato, Daniel and Sharmanska, Viktoriia and
		  Kersting, Kristian and Lampert, Christoph H and Quadrianto,
		  Novi},
  booktitle	= {Advances in Neural Information Processing Systems},
  pages		= {837--845},
  year		= {2014}
}

@Article{	  Heusel17,
  author	= {Martin Heusel and Hubert Ramsauer and Thomas Unterthiner
		  and Bernhard Nessler and G{\"{u}}nter Klambauer and Sepp
		  Hochreiter},
  title		= {{GAN}s Trained by a Two Time-Scale Update Rule Converge to
		  a Nash Equilibrium},
  journal	= {arXiv preprint arXiv:1706.08500},
  year		= {2017}
}

@Article{	  HigAmoPfaRacetal18,
  author	= {Irina Higgins and David Amos and David Pfau and
		  S{\'{e}}bastien Racani{\`{e}}re and Lo{\"{\i}}c Matthey and
		  Danilo J. Rezende and Alexander Lerchner},
  title		= {Towards a Definition of Disentangled Representations},
  journal	= {CoRR},
  volume	= {abs/1812.02230},
  year		= {2018}
}

@InProceedings{	  higgins2017beta,
  title		= {$\beta$-{VAE}: Learning Basic Visual Concepts with a
		  Constrained Variational Framework.},
  author	= {Higgins, Irina and Matthey, Loic and Pal, Arka and
		  Burgess, Christopher and Glorot, Xavier and Botvinick,
		  Matthew and Mohamed, Shakir and Lerchner, Alexander},
  booktitle	= {International Conference on Learning Representations
		  (ICLR)},
  year		= {2017}
}

@Misc{		  hleg2019ethics,
  title		= {Ethics Guide\-lines for Trustworthy AI},
  author	= {{High-Level Expert Group on Artificial Intelligence}},
  shortauthor	= {{HLEG AI}},
  month		= {4},
  year		= {2019},
  url		= "https://ec.europa.eu/digital-single-market/en/news/ethics-guidelines-trustworthy-ai"
}

@InProceedings{	  holstein2019improving,
  title		= {Improving fairness in machine learning systems: What do
		  industry practitioners need?},
  author	= {Holstein, Kenneth and Wortman Vaughan, Jennifer and
		  Daum{\'e} III, Hal and Dudik, Miro and Wallach, Hanna},
  booktitle	= {CHI Conference on Human Factors in Computing Systems},
  pages		= {1--16},
  year		= {2019}
}

@InProceedings{	  huang2019coresets,
  title		= {Coresets for clustering with fairness constraints},
  author	= {Huang, Lingxiao and Jiang, Shaofeng and Vishnoi,
		  Nisheeth},
  booktitle	= {Advances in Neural Information Processing Systems},
  pages		= {7587--7598},
  year		= {2019}
}

@Article{	  HurAde17,
  author	= {Mikella Hurley and Julius Adebayo},
  title		= {Credit scoring in the era of big data},
  journal	= {Yale Journal of Law and Technology},
  volume	= {18},
  pages		= {148--216},
  year		= {2017}
}

@InProceedings{	  ilse2018attention,
  title		= {Attention-based deep multiple instance learning},
  author	= {Ilse, Maximilian and Tomczak, Jakub and Welling, Max},
  booktitle	= {International Conference on Machine Learning},
  pages		= {2127--2136},
  year		= {2018},
  organization	= {PMLR}
}

@Article{	  ioffe2015batch,
  title		= {Batch normalization: Accelerating deep network training by
		  reducing internal covariate shift},
  author	= {Ioffe, Sergey and Szegedy, Christian},
  journal	= {arXiv preprint arXiv:1502.03167},
  year		= {2015}
}

@InProceedings{	  isola2017image,
  title		= {Image-to-image translation with conditional adversarial
		  networks},
  author	= {Isola, Phillip and Zhu, Jun-Yan and Zhou, Tinghui and
		  Efros, Alexei A},
  booktitle	= {Proceedings of the IEEE conference on computer vision and
		  pattern recognition},
  pages		= {1125--1134},
  year		= {2017}
}

@InProceedings{	  JacBehZemBet19,
  author	= {J{\"{o}}rn{-}Henrik Jacobsen and Jens Behrmann and
		  Richard Zemel  and Matthias Bethge},
  title		= "{Excessive Invariance Causes Adversarial Vulnerability}",
  booktitle	= {International Conference on Learning Representations
		  (ICLR)},
  year		= "2019"
}

@InProceedings{	  JacSmeOya18,
  author	= {J{\"{o}}rn{-}Henrik Jacobsen and Arnold W. M. Smeulders
		  and Edouard Oyallon},
  title		= {i-{R}ev{N}et: Deep Invertible Networks},
  booktitle	= {International Conference on Learning Representations
		  (ICLR)},
  year		= {2018}
}

@InProceedings{	  jaiswal2018unsupervised,
  title		= {Unsupervised Adversarial Invariance},
  author	= {Jaiswal, Ayush and Wu, Rex Yue and Abd-Almageed, Wael and
		  Natarajan, Prem},
  booktitle	= {Advances in Neural Information Processing Systems},
  pages		= {5092--5102},
  year		= {2018}
}

@Article{	  JaiWuAbdNat19,
  author	= {Ayush Jaiswal and Rex Yue Wu and Wael AbdAlmageed and
		  Premkumar Natarajan},
  title		= {Unified Adversarial Invariance},
  journal={arXiv preprint arXiv:1905.03629},
  year		= {2019}
}

@Article{	  jiang2019identifying,
  title		= {Identifying and Correcting Label Bias in Machine
		  Learning},
  author	= {Jiang, Heinrich and Nachum, Ofir},
  journal	= {arXiv preprint arXiv:1901.04966},
  year		= {2019}
}

@InProceedings{	  jiang2020identifying,
  title		= {Identifying and correcting label bias in machine
		  learning},
  author	= {Jiang, Heinrich and Nachum, Ofir},
  booktitle	= {International Conference on Artificial Intelligence and
		  Statistics},
  pages		= {702--712},
  year		= {2020},
  organization	= {PMLR}
}

@Article{	  JoBen17,
  author	= {Jason Jo and Yoshua Bengio},
  title		= {Measuring the tendency of {CNN}s to Learn Surface
		  Statistical Regularities},
  journal	= {arXiv preprint arXiv:1711.11561},
  year		= {2017}
}

@Article{	  Jordan1999,
  author	= "Jordan, Michael I. and Ghahramani, Zoubin and Jaakkola,
		  Tommi S. and Saul, Lawrence K.",
  title		= "An Introduction to Variational Methods for Graphical
		  Models",
  journal	= "Machine Learning",
  year		= "1999",
  volume	= "37",
  number	= "2",
  pages		= "183--233"
}

@InProceedings{	  joseph2016fairness,
  title		= {Fairness in learning: Classic and contextual bandits},
  author	= {Joseph, Matthew and Kearns, Michael and Morgenstern, Jamie
		  H and Roth, Aaron},
  booktitle	= {Advances in Neural Information Processing Systems},
  pages		= {325--333},
  year		= {2016}
}

@InProceedings{	  JosKeaMorRot16,
  title		= {Fairness in learning: Classic and contextual bandits},
  author	= {Joseph, Matthew and Kearns, Michael and Morgenstern, Jamie
		  H and Roth, Aaron},
  booktitle	= {NIPS},
  pages		= {325--333},
  year		= {2016}
}

@InProceedings{	  kallus2018residual,
  title		= {Residual Unfairness in Fair Machine Learning from
		  Prejudiced Data},
  author	= {Kallus, Nathan and Zhou, Angela},
  booktitle	= {Proceedings of the 35th International Conference on
		  Machine Learning (ICML)},
  pages		= {2439--2448},
  year		= {2018},
  volume	= {80},
  month		= {7}
}

@Article{	  KamCal12,
  author	= "F. Kamiran and T. Calders",
  journal	= "Knowledge and Information Systems",
  number	= "1",
  pages		= "1--33",
  title		= "Data preprocessing techniques for classification without
		  discrimination",
  volume	= "33",
  year		= "2012"
}

@InProceedings{	  kamiran2009classifying,
  title		= {Classifying without discriminating},
  author	= {Kamiran, Faisal and Calders, Toon},
  booktitle	= {Computer, Control and Communication, 2009. IC4 2009. 2nd
		  International Conference on},
  pages		= {1--6},
  year		= {2009},
  organization	= {IEEE}
}

@Article{	  kamiran2012data,
  title		= {Data preprocessing techniques for classification without
		  discrimination},
  author	= {Kamiran, Faisal and Calders, Toon},
  journal	= {Knowledge and Information Systems},
  volume	= {33},
  number	= {1},
  pages		= {1--33},
  year		= {2012},
  publisher	= {Springer}
}

@InProceedings{	  kamishima2012fairness,
  title		= {Fairness-aware classifier with prejudice remover
		  regularizer},
  author	= {Kamishima, Toshihiro and Akaho, Shotaro and Asoh, Hideki
		  and Sakuma, Jun},
  booktitle	= {Joint European Conference on Machine Learning and
		  Knowledge Discovery in Databases},
  pages		= {35--50},
  year		= {2012},
  organization	= {Springer}
}

@InProceedings{	  KanRotZia19,
  author	= {Sampath Kannan and Aaron Roth and Juba Ziani},
  title		= {Downstream Effects of Affirmative Action},
  booktitle	= {Proceedings of the Conference on Fairness, Accountability,
		  and Transparency, FAT* 2019, Atlanta, GA, USA, January
		  29-31, 2019},
  pages		= {240--248},
  publisher	= {{ACM}},
  year		= {2019},
  url		= {https://doi.org/10.1145/3287560.3287578},
  doi		= {10.1145/3287560.3287578},
  timestamp	= {Tue, 08 Oct 2019 14:34:25 +0200},
  biburl	= {https://dblp.org/rec/conf/fat/KannanRZ19.bib},
  bibsource	= {dblp computer science bibliography, https://dblp.org}
}

@InProceedings{	  KeaNeeRotWu18,
  title		= {Preventing Fairness Gerrymandering: Auditing and Learning
		  for Subgroup Fairness},
  author	= {Kearns, Michael and Neel, Seth and Roth, Aaron and Wu,
		  Zhiwei Steven},
  booktitle	= {Proceedings of the 35th International Conference on
		  Machine Learning},
  pages		= {2564--2572},
  year		= {2018},
  editor	= {Dy, Jennifer and Krause, Andreas},
  volume	= {80},
  series	= {Proceedings of Machine Learning Research},
  publisher	= {PMLR}
}

@InProceedings{	  kehrenberg2018interpretable,
  title		= {Interpretable Fairness via Target Labels in Gaussian
		  Process Models},
  author	= {Kehrenberg, Thomas and Chen, Zexun and Quadrianto, Novi},
  booktitle	= {Workshop on Ethical, Social and Governance Issues in AI at
		  NeurIPS},
  year		= {2018},
  location	= {Montreal, Canada}
}

@Article{	  kehrenberg2018tuning,
  title		= {Tuning Fairness by Marginalizing Latent Target Labels},
  author	= {Kehrenberg, Thomas and Chen, Zexun and Quadrianto, Novi},
  journal	= {arXiv preprint arXiv:1810.05598},
  year		= {2018}
}

@InProceedings{	  kehrenberg2020nullsampling,
  author	= {Kehrenberg, Thomas and Bartlett, Myles and Thomas, Oliver
		  and Quadrianto, Novi},
  title		= {Null-sampling for Interpretable and Fair Representations},
  year		= {2020},
  publisher	= {Springer International Publishing},
  doi		= {10.1007/978-3-030-58604-1},
  booktitle	= {Computer Vision â ECCV 2020},
  numpages	= {779},
  location	= {Glasgow, UK},
  sortname	= {Kehrenberg},
  sorttitle	= {b}
}

@Article{	  kehrenberg2020tuning,
  author	= {Kehrenberg, Thomas and Chen, Zexun and Quadrianto, Novi},
  title		= {Tuning Fairness by Balancing Target Labels},
  journal	= {Frontiers in Artificial Intelligence},
  volume	= {3},
  pages		= {33},
  year		= {2020},
  doi		= {10.3389/frai.2020.00033},
  sortname	= {Kehrenberg},
  sorttitle	= {a}
}

@InProceedings{	  kehrenberg2020zeroshot,
  author	= {Kehrenberg, Thomas and Sharmanska, Viktoriia and Bartlett,
		  Myles and Quad\-ri\-an\-to, Novi},
  title		= {Learning with Perfect Bags: Addressing Hidden
		  Stratification with Zero Labeled Data},
  booktitle	= {Submitted to ICML},
  year		= {2021},
  note		= {Under review}
}

@InProceedings{	  KerNeeRotWu18,
  title		= {Preventing Fairness Gerrymandering: Auditing and Learning
		  for Subgroup Fairness},
  author	= {Kearns, Michael and Neel, Seth and Roth, Aaron and Wu,
		  Zhiwei Steven},
  booktitle	= {International Conference on Machine Learning (ICML)},
  pages		= {2564--2572},
  year		= {2018},
  editor	= {Dy, Jennifer and Krause, Andreas},
  volume	= {80},
  series	= {Proceedings of Machine Learning Research},
  publisher	= {PMLR}
}

@Article{	  KhaRagLia19,
  author	= {Fereshte Khani and Aditi Raghunathan and Percy Liang},
  title		= {Maximum Weighted Loss Discrepancy},
  journal	= {CoRR},
  volume	= {abs/1906.03518},
  year		= {2019}
}

@InProceedings{	  kilbertus2017avoiding,
  title		= {Avoiding Discrimination through Causal Reasoning},
  author	= {Kilbertus, Niki and Rojas Carulla, Mateo and Parascandolo,
		  Giambattista and Hardt, Moritz and Janzing, Dominik and
		  Sch\"{o}lkopf, Bernhard},
  booktitle	= {Advances in Neural Information Processing Systems (NIPS)},
  pages		= {656--666},
  year		= {2017}
}

@Article{	  kilbertus2018blind,
  title		= {Blind Justice: Fairness with Encrypted Sensitive
		  Attributes},
  author	= {Kilbertus, Niki and Gasc{\'o}n, Adri{\`a} and Kusner, Matt
		  J and Veale, Michael and Gummadi, Krishna P and Weller,
		  Adrian},
  journal	= {arXiv preprint arXiv:1806.03281},
  year		= {2018}
}

@InProceedings{	  kilbertus2020sensitivity,
  title		= {The sensitivity of counterfactual fairness to unmeasured
		  confounding},
  author	= {Kilbertus, Niki and Ball, Philip J and Kusner, Matt J and
		  Weller, Adrian and Silva, Ricardo},
  booktitle	= {Uncertainty in Artificial Intelligence},
  pages		= {616--626},
  year		= {2020},
  organization	= {PMLR}
}

@InProceedings{	  kim2018disentangling,
  author	= {Hyunjik Kim and Andriy Mnih},
  title		= {Disentangling by Factorising},
  booktitle	= {International Conference on Machine Learning (ICML)},
  pages		= {2654--2663},
  year		= {2018}
}

@InProceedings{	  kim2019learning,
  title		= {Learning not to learn: Training deep neural networks with
		  biased data},
  author	= {Kim, Byungju and Kim, Hyunwoo and Kim, Kyungsu and Kim,
		  Sungjin and Kim, Junmo},
  booktitle	= {Computer Vision and Pattern Recognition (CVPR)},
  pages		= {9012--9020},
  year		= {2019}
}

@InProceedings{	  KinDha18,
  author	= {Diederik P. Kingma and Prafulla Dhariwal},
  title		= {Glow: {G}enerative Flow with {I}nvertible 1x1
		  Convolutions},
  booktitle	= {Advances in Neural Information Processing Systems
		  (NeurIPS)},
  pages		= {10236--10245},
  year		= {2018}
}

@InProceedings{	  kingma2013auto,
  author	= {Diederik P. Kingma and Max Welling},
  title		= {Auto-Encoding Variational Bayes},
  booktitle	= {International Conference on Learning Representations
		  (ICLR)},
  year		= {2014}
}

@InProceedings{	  kingma2015adam,
  title		= {Adam: A Method for Stochastic Optimization},
  author	= {Diederik P. Kingma and Jimmy Ba},
  booktitle	= {International Conference on Learning Representations
		  (ICLR)},
  year		= {2015}
}

@InProceedings{	  klambauer2017self,
  title		= {Self-normalizing neural networks},
  author	= {Klambauer, G{\"u}nter and Unterthiner, Thomas and Mayr,
		  Andreas and Hochreiter, Sepp},
  booktitle	= {Advances in neural information processing systems},
  pages		= {971--980},
  year		= {2017}
}

@Article{	  kleinberg2016inherent,
  title		= {Inherent trade-offs in the fair determination of risk
		  scores},
  author	= {Kleinberg, Jon and Mullainathan, Sendhil and Raghavan,
		  Manish},
  journal	= {arXiv preprint arXiv:1609.05807},
  year		= {2016}
}

@InProceedings{	  kohavi1996scaling,
  title		= {Scaling up the accuracy of Naive-Bayes classifiers: a
		  Decision-Tree Hybrid},
  author	= {Kohavi, Ron},
  booktitle	= {Knowledge Discovery and Data Mining},
  volume	= {96},
  pages		= {202--207},
  year		= {1996}
}

@Article{	  krauth2016autogp,
  title		= {Auto{GP}: Exploring the capabilities and limitations of
		  {G}aussian {P}rocess models},
  author	= {Krauth, Karl and Bonilla, Edwin V and Cutajar, Kurt and
		  Filippone, Maurizio},
  journal	= {arXiv preprint arXiv:1610.05392},
  year		= {2016}
}

@InProceedings{	  kumar2018generalized,
  title		= {Generalized zero-shot learning via synthesized examples},
  author	= {Kumar Verma, Vinay and Arora, Gundeep and Mishra, Ashish
		  and Rai, Piyush},
  booktitle	= {Proceedings of the IEEE conference on computer vision and
		  pattern recognition},
  pages		= {4281--4289},
  year		= {2018}
}

@InProceedings{	  kusner2017counterfactual,
  title		= {Counterfactual fairness},
  author	= {Kusner, Matt J and Loftus, Joshua and Russell, Chris and
		  Silva, Ricardo},
  booktitle	= {Advances in Neural Information Processing Systems (NIPS)},
  pages		= {4066--4076},
  year		= {2017}
}

@InProceedings{	  LacBauLucGeletal19,
  title		= {Challenging common assumptions in the unsupervised
		  learning of disentangled representations},
  author	= {Locatello, Francesco and Bauer, Stefan and Lucic, Mario
		  and Gelly, Sylvain and Sch{\"o}lkopf, Bernhard and Bachem,
		  Olivier},
  booktitle	= {International Conference on Machine Learning (ICML)},
  year		= {2019}
}

@InProceedings{	  lampert2009,
  title		= {Learning to detect unseen object classes by between-class
		  attribute transfer},
  author	= {Lampert, Christoph H and Nickisch, Hannes and Harmeling,
		  Stefan},
  booktitle	= {2009 IEEE Conference on Computer Vision and Pattern
		  Recognition},
  year		= {2009}
}

@InProceedings{	  LanSri09,
  title		= {On the Convergence of the Concave-Convex Procedure},
  author	= {Gert R. Lanckriet and Sriperumbudur, Bharath K.},
  booktitle	= {Advances in Neural Information Processing Systems (NIPS)},
  editor	= {Y. Bengio and D. Schuurmans and J. D. Lafferty and C. K.
		  I. Williams and A. Culotta},
  pages		= {1759--1767},
  year		= {2009}
}

@InProceedings{	  larochelle2008,
  title		= {Zero-data learning of new tasks.},
  author	= {Larochelle, Hugo and Erhan, Dumitru and Bengio, Yoshua},
  booktitle	= {Association for the Advancement of Artificial Intelligence
		  (AAAI)},
  year		= {2008}
}

@Article{	  lecun1998gradient,
  title		= {Gra\-di\-ent-based learning applied to document recognition},
  author	= {LeCun, Yann and Bottou, L{\'e}on and Bengio, Yoshua and
		  Haffner, Patrick},
  journal	= {Proceedings of the IEEE},
  volume	= {86},
  number	= {11},
  pages		= {2278--2324},
  year		= {1998},
  publisher	= {Ieee}
}

@InProceedings{	  lee2019set,
  title		= {Set transformer: A framework for attention-based
		  permutation-invariant neural networks},
  author	= {Lee, Juho and Lee, Yoonho and Kim, Jungtaek and Kosiorek,
		  Adam and Choi, Seungjin and Teh, Yee Whye},
  booktitle	= {International Conference on Machine Learning},
  pages		= {3744--3753},
  year		= {2019},
  organization	= {PMLR}
}

@Article{	  lei2016layer,
  title		= {Layer normalization},
  author	= {Lei Ba, Jimmy and Kiros, Jamie Ryan and Hinton, Geoffrey
		  E},
  journal	= {arXiv preprint arXiv:1607.06450},
  year		= {2016}
}

@InProceedings{	  liu2015faceattributes,
  title		= {Deep Learning Face Attributes in the Wild},
  author	= {Liu, Ziwei and Luo, Ping and Wang, Xiaogang and Tang,
		  Xiaoou},
  booktitle	= {Proceedings of International Conference on Computer Vision
		  (ICCV)},
  month		= {12},
  year		= {2015}
}

@InProceedings{	  liu2018delayed,
  title		= {Delayed Impact of Fair Machine Learning},
  author	= {Liu, Lydia T. and Dean, Sarah and Rolf, Esther and
		  Simchowitz, Max and Hardt, Moritz},
  booktitle	= {Proceedings of the 35th International Conference on
		  Machine Learning},
  pages		= {3150--3158},
  year		= {2018},
  volume	= {80},
  month		= {7}
}

@InProceedings{	  liu2019variance,
title={On the Variance of the Adaptive Learning Rate and Beyond},
author={Liyuan Liu and Haoming Jiang and Pengcheng He and Weizhu Chen and Xiaodong Liu and Jianfeng Gao and Jiawei Han},
booktitle={International Conference on Learning Representations},
year={2020},
url={https://openreview.net/forum?id=rkgz2aEKDr}
}

@InCollection{	  LocAbbRaiBauetal19,
  title		= {On the Fairness of Disentangled Representations},
  author	= {Locatello, Francesco and Abbati, Gabriele and Rainforth,
		  Thomas and Bauer, Stefan and Sch\"{o}lkopf, Bern\-hard and
		  Bachem, Olivier},
  booktitle	= {Advances in Neural Information Processing Systems 32},
  editor	= {H. Wallach and H. Larochelle and A. Beygelzimer and F.
		  dAlch\'{e}-Buc and E. Fox and R. Garnett},
  pages		= {14611--14624},
  year		= {2019},
  publisher	= {Curran Associates, Inc.}
}

@InProceedings{	  locatello2019challenging,
  title		= {Challenging common assumptions in the unsupervised
		  learning of disentangled representations},
  author	= {Locatello, Francesco and Bauer, Stefan and Lucic, Mario
		  and Gelly, Sylvain and Sch{\"o}lkopf, Bernhard and Bachem,
		  Olivier},
  booktitle	= {International Conference on Machine Learning (ICML)},
  year		= {2019}
}

@InProceedings{	  locatello2019fairness,
  title		= {On the fairness of disentangled representations},
  author	= {Locatello, Francesco and Abbati, Gabriele and Rainforth,
		  Thomas and Bauer, Stefan and Sch{\"o}lkopf, Bernhard and
		  Bachem, Olivier},
  booktitle	= {Advances in Neural Information Processing Systems},
  pages		= {14584--14597},
  year		= {2019}
}

@InProceedings{	  louizos2016variational,
  author	= {{Louizos}, Christos and {Swersky}, Kevin and {Li}, Yujia
		  and {Welling}, Max and {Zemel}, Richard},
  title		= {The Variational Fair Autoencoder},
  booktitle	= {International Conference on Learning Representations
		  (ICLR)},
  year		= "2016"
}

@InProceedings{	  lucas2019adversarial,
  title		= {Adversarial training of partially invertible variational
		  autoencoders},
  author	= {Lucas, Thomas and Shmelkov, Konstantin and Alahari,
		  Karteek and Schmid, Cordelia and Verbeek, Jakob},
  year		= {2019}
}

@Article{	  lum2016statistical,
  title		= {A statistical framework for fair predictive algorithms},
  author	= {Lum, Kristian and Johndrow, James},
  journal	= {arXiv preprint arXiv:1610.08077},
  year		= {2016}
}

@InProceedings{	  luong2011k,
  title		= {k-NN as an implementation of situation testing for
		  discrimination discovery and prevention},
  author	= {Luong, Binh Thanh and Ruggieri, Salvatore and Turini,
		  Franco},
  booktitle	= {Proceedings of the 17th ACM SIGKDD international
		  conference on Knowledge discovery and data mining},
  pages		= {502--510},
  year		= {2011},
  organization	= {ACM}
}

@Article{	  MadCrePitZem18,
  author	= {David Madras and Elliot Creager and Toniann Pitassi and
		  Richard S. Zemel},
  title		= {Learning Adversarially Fair and Transferable
		  Representations},
  journal	= {CoRR},
  volume	= {abs/1802.06309},
  year		= {2018}
}

@Article{	  maddison2016concrete,
  title		= {The concrete distribution: A continuous relaxation of
		  discrete random variables},
  author	= {Maddison, Chris J and Mnih, Andriy and Teh, Yee Whye},
  journal	= {arXiv preprint arXiv:1611.00712},
  year		= {2016}
}

@Article{	  madras2018learning,
  title		= {Learning Adversarially Fair and Transferable
		  Representations},
  author	= {Madras, David and Creager, Elliot and Pitassi, Toniann and
		  Zemel, Richard},
  journal	= {arXiv preprint arXiv:1802.06309},
  year		= {2018}
}

@InProceedings{	  mary2019fairness,
  title		= {Fair{\-}ness-aware learning for continuous attributes and
		  treatments},
  author	= {Mary, J{\'e}r{\'e}mie and Calauz{\`e}nes, Cl{\'e}ment and
		  El Karoui, Noureddine},
  booktitle	= {International Conference on Machine Learning (ICML)},
  pages		= {4382--4391},
  year		= {2019}
}

@Article{	  miao2010did,
  title		= {Did the results of promotion exams have a disparate impact
		  on minorities? {U}sing statistical evidence in Ricci v.
		  DeStefano},
  author	= {Miao, Weiwen},
  journal	= {Journal of Statistics Education},
  volume	= {18},
  number	= {3},
  year		= {2010},
  publisher	= {Taylor \& Francis}
}

@PhDThesis{	  minka2001family,
  title		= {A family of algorithms for approximate Bayesian
		  inference},
  author	= {Minka, Thomas Peter},
  year		= {2001},
  school	= {Massachusetts Institute of Technology}
}

@Article{	  miyato2018spectral,
  title		= {Spectral normalization for generative adversarial
		  networks},
  author	= {Miyato, Takeru and Kataoka, Toshiki and Koyama, Masanori
		  and Yoshida, Yuichi},
  journal	= {arXiv preprint arXiv:1802.05957},
  year		= {2018}
}

@InProceedings{	  Mnist98,
  title		= {Gradient-based learning applied to document recognition},
  author	= {Yann LeCun},
  year		= {1998}
}

@InProceedings{	  MurAdaMac10,
  author	= {Iain Murray and Ryan Prescott Adams and David J. C.
		  MacKay},
  title		= {Elliptical slice sampling},
  booktitle	= {International Conference on Artificial Intelligence and
		  Statistics (AISTATS)},
  pages		= {541--548},
  year		= {2010}
}

@InProceedings{	  nam2020learning,
  title		= {Learning from Failure: Training Debiased Classifier from
		  Biased Classifier},
  author	= {Jun Hyun Nam and Hyuntak Cha and Sungsoo Ahn and Jaeho Lee
		  and Jinwoo Shin},
  booktitle	= {Advances in Neural Information Processing Systems},
  year		= {2020}
}

@Article{	  neal1997monte,
  title		= {Monte Carlo implementation of Gaussian process models for
		  Bayesian regression and classification},
  author	= {Neal, Radford M},
  journal	= {arXiv preprint physics/9701026},
  year		= {1997}
}

@InProceedings{	  NguBon14,
  author	= {Trung V. Nguyen and Edwin V. Bonilla},
  title		= {Automated Variational Inference for {G}aussian Process
		  Models},
  booktitle	= {Advances in Neural Information Processing Systems (NIPS)},
  pages		= {1404--1412},
  year		= {2014}
}

@InProceedings{	  normflows2015,
  author	= {{Jimenez Rezende}, Danilo and {Mohamed}, Shakir},
  title		= "{Variational Inference with Normalizing Flows}",
  booktitle	= {International Conference on Machine Learning (ICML)},
  year		= "2015"
}

@Article{	  OltCasDiaKic19,
  author	= {Olteanu, Alexandra and Castillo, Carlos and Diaz, Fernando
		  and KÄ±cÄ±man, Emre},
  title		= {Social Data: Biases, Methodological Pitfalls, and Ethical
		  Boundaries},
  journal	= {Frontiers in Big Data},
  volume	= {2},
  pages		= {13},
  year		= {2019}
}

@InProceedings{	  oord2017neural,
  title		= {Neural Discrete Representation Learning},
  author	= {van den Oord, Aaron and Vinyals, Oriol and Kavukcuoglu,
		  Koray},
  booktitle	= {Advances in Neural Information Processing Systems (NIPS)},
  pages		= {6306--6315},
  year		= {2017}
}

@Article{	  pearl2018theoretical,
  title		= {Theoretical impediments to machine learning with seven
		  sparks from the causal revolution},
  author	= {Pearl, Judea},
  journal	= {arXiv preprint arXiv:1801.04016},
  year		= {2018}
}

@Article{	  pedregosa2011scikit,
  title		= {Scikit-learn: Machine learning in Python},
  author	= {Pedregosa, Fabian and Varoquaux, Ga{\"e}l and Gramfort,
		  Alexandre and Michel, Vincent and Thirion, Bertrand and
		  Grisel, Olivier and Blondel, Mathieu and Prettenhofer,
		  Peter and Weiss, Ron and Dubourg, Vincent and others},
  journal	= {the Journal of machine Learning research},
  volume	= {12},
  pages		= {2825--2830},
  year		= {2011},
  publisher	= {JMLR. org}
}

@InProceedings{	  pedreshi2008discrimination,
  title		= {Discrimination-aware data mining},
  author	= {Pedreshi, Dino and Ruggieri, Salvatore and Turini,
		  Franco},
  booktitle	= {Proceedings of the 14th ACM SIGKDD international
		  conference on Knowledge discovery and data mining},
  pages		= {560--568},
  year		= {2008},
  organization	= {ACM}
}

@Book{		  Perez19,
  author	= {Caroline Criado Perez},
  title		= {Invisible women: Exposing data bias in a world designed
		  for men},
  publisher	= {Chatto \& Windus},
  year		= 2019
}

@InProceedings{	  perez2017fair,
  title		= {Fair kernel learning},
  author	= {P{\'e}rez-Suay, Adri{\'a}n and Laparra, Valero and
		  Mateo-Garc{\'\i}a, Gonzalo and Mu{\~n}oz-Mar{\'\i}, Jordi
		  and G{\'o}mez-Chova, Luis and Camps-Va ls, Gustau},
  booktitle	= {ECML PKDD},
  pages		= {339--355},
  year		= {2017},
  organization	= {Springer}
}

@InProceedings{	  pmlr-v65-woodworth17a,
  title		= {Learning Non-Discriminatory Predictors},
  author	= {Blake Woodworth and Suriya Gunasekar and Mesrob I.
		  Ohannessian and Nathan Srebro},
  booktitle	= {Proceedings of the 2017 Conference on Learning Theory},
  pages		= {1920--1953},
  year		= {2017},
  editor	= {Satyen Kale and Ohad Shamir},
  volume	= {65},
  series	= {Proceedings of Machine Learning Research},
  url		= {http://proceedings.mlr.press/v65/woodworth17a.html}
}

@InProceedings{	  PyTorch2017,
  title		= {Automatic differentiation in PyTorch},
  author	= {Adam Paszke and Sam Gross and Soumith Chintala and Gregory
		  Chanan and Edward Yang and Zachary DeVito and Zeming Lin
		  and Alban Desmaison and Luca Antiga and Adam Lerer},
  booktitle	= {31st Conference on Neural Information Processing Systems
		  (NIPS 2017)},
  year		= {2017}
}

@InProceedings{	  quadrianto2017recycling,
  title		= {Recycling privileged learning and distribution matching
		  for fairness},
  author	= {Quadrianto, Novi and Sharmanska, Viktoriia},
  booktitle	= {Advances in Neural Information Processing Systems},
  pages		= {677--688},
  year		= {2017}
}

@InCollection{	  QuaSha17,
  title		= {Recycling Privileged Learning and Distribution Matching
		  for Fairness},
  author	= {Quadrianto, Novi and Sharmanska, Viktoriia},
  booktitle	= {Advances in Neural Information Processing Systems 30},
  editor	= {I. Guyon and U. V. Luxburg and S. Bengio and H. Wallach
		  and R. Fergus and S. Vishwanathan and R. Garnett},
  pages		= {677--688},
  year		= {2017},
  publisher	= {Curran Associates, Inc.},
  url		= {http://papers.nips.cc/paper/6670-recycling-privileged-learning-and-distribution-matching-for-fairness.pdf}
}

@InProceedings{	  QuaShaTho19,
  author	= {Novi Quadrianto and Viktoriia Sharmanska and Oliver
		  Thomas},
  title		= {Discovering Fair Representations in the Data Domain},
  booktitle	= {Computer Vision and Pattern Recognition (CVPR)},
  pages		= {8227--8236},
  publisher	= {Computer Vision Foundation / {IEEE}},
  year		= {2019}
}

@Article{	  quinonero2005unifying,
  title		= {A unifying view of sparse approximate Gaussian process
		  regression},
  author	= {Qui{\~n}onero-Candela, Joaquin and Rasmussen, Carl Edward},
  journal	= {Journal of Machine Learning Research},
  volume	= {6},
  number	= {Dec},
  pages		= {1939--1959},
  year		= {2005}
}

@InProceedings{	  RagBarKleLev20,
  author	= {Manish Raghavan and Solon Barocas and Jon M. Kleinberg and
		  Karen Levy},
  editor	= {Mireille Hildebrandt and Carlos Castillo and Elisa Celis
		  and Salvatore Ruggieri and Linnet Taylor and Gabriela
		  Zanfir{-}Fortuna},
  title		= {Mitigating bias in algorithmic hiring: evaluating claims
		  and practices},
  booktitle	= {FAT* '20: Conference on Fairness, Accountability, and
		  Transparency, Barcelona, Spain, January 27-30, 2020},
  pages		= {469--481},
  publisher	= {{ACM}},
  year		= {2020}
}

@Book{		  rasmussen1999evaluation,
  title		= {Evaluation of {G}aussian processes and other methods for
		  non-linear regression.},
  author	= {Rasmussen, Carl Edward},
  year		= {1999},
  publisher	= {Citeseer}
}

@InCollection{	  rasmussen2004gaussian,
  title		= {Gaussian processes in machine learning},
  author	= {Rasmussen, Carl Edward},
  booktitle	= {Advanced lectures on machine learning},
  pages		= {63--71},
  year		= {2004},
  publisher	= {Springer}
}

@Book{		  rasmussen2006gaussian,
  title		= {Gaussian process for machine learning},
  author	= {Rasmussen, Carl Edward and Williams, Christopher KI},
  year		= {2006},
  publisher	= {MIT press}
}

@InProceedings{	  RayDunCarRe20,
  author	= {Luke Oakden{-}Rayner and Jared Dunnmon and Gustavo
		  Carneiro and Christopher R{\'{e}}},
  editor	= {Marzyeh Ghassemi},
  title		= {Hidden stratification causes clinically meaningful
		  failures in machine learning for medical imaging},
  booktitle	= {{ACM} {CHIL} '20: {ACM} Conference on Health, Inference,
		  and Learning, Toronto, Ontario, Canada, April 2-4, 2020
		  [delayed]},
  pages		= {151--159},
  publisher	= {{ACM}},
  year		= {2020}
}

@Article{	  renyi1959measures,
  title		= {On measures of dependence},
  author	= {R{\'e}nyi, Alfr{\'e}d},
  journal	= {Acta Mathematica Academiae Scientiarum Hungarica},
  volume	= {10},
  number	= {3-4},
  pages		= {441--451},
  year		= {1959},
  publisher	= {Springer}
}

@InProceedings{	  RezMohWie14,
  title		= {Stochastic Backpropagation and Approximate Inference in
		  Deep Generative Models},
  author	= {Danilo Jimenez Rezende and Shakir Mohamed and Daan
		  Wierstra},
  booktitle	= {ICML},
  pages		= {1278--1286},
  year		= {2014}
}

@Article{	  ruggieri2010data,
  title		= {Data mining for discrimination discovery},
  author	= {Ruggieri, Salvatore and Pedreschi, Dino and Turini,
		  Franco},
  journal	= {ACM Transactions on Knowledge Discovery from Data (TKDD)},
  volume	= {4},
  number	= {2},
  pages		= {9},
  year		= {2010},
  publisher	= {ACM}
}

@Article{	  sagawa2019distributionally,
  title		= {Distributionally robust neural networks for group shifts:
		  On the importance of regularization for worst-case
		  generalization},
  author	= {Sagawa, Shiori and Koh, Pang Wei and Hashimoto, Tatsunori
		  B and Liang, Percy},
  journal	= {arXiv preprint arXiv:1911.08731},
  year		= {2019}
}

@Article{	  SagRagKohLia20,
  author	= {Shiori Sagawa and Aditi Raghunathan and Pang Wei Koh and
		  Percy Liang},
  title		= {An Investigation of Why Overparameterization Exacerbates
		  Spurious Correlations},
  journal	= {CoRR},
  volume	= {abs/2005.04345},
  year		= {2020}
}

@InProceedings{	  schonfeld2019generalized,
  title		= {Generalized zero-and few-shot learning via aligned
		  variational autoencoders},
  author	= {Schonfeld, Edgar and Ebrahimi, Sayna and Sinha, Samarth
		  and Darrell, Trevor and Akata, Zeynep},
  booktitle	= {Proceedings of the IEEE Conference on Computer Vision and
		  Pattern Recognition},
  pages		= {8247--8255},
  year		= {2019}
}

@Article{	  scikit-learn,
  title		= {Scikit-learn: Machine Learning in {P}ython},
  author	= {Pedregosa, F. and Varoquaux, G. and Gramfort, A. and
		  Michel, V. and Thirion, B. and Grisel, O. and Blondel, M.
		  and Prettenhofer, P. and Weiss, R. and Dubourg, V. and
		  Vanderplas, J. and Passos, A. and Cournapeau, D. and
		  Brucher, M. and Perrot, M. and Duchesnay, E.},
  journal	= {Journal of Machine Learning Research},
  volume	= {12},
  pages		= {2825--2830},
  year		= {2011}
}

@InProceedings{	  ShuCheKumErmetal20,
  author	= {Rui Shu and Yining Chen and Abhishek Kumar and Stefano
		  Ermon and Ben Poole},
  title		= {Weakly Supervised Disentanglement with Guarantees},
  booktitle	= {8th International Conference on Learning Representations,
		  {ICLR} 2020, Addis Ababa, Ethiopia, April 26-30, 2020},
  publisher	= {OpenReview.net},
  year		= {2020}
}

@InProceedings{	  SohDunAngGuetal20,
  author	= {Nimit Sharad Sohoni and Jared Dunnmon and Geoffrey Angus
		  and Albert Gu and Christopher R{\'{e}}},
  title		= {No Subclass Left Behind: Fine-Grained Robustness in
		  Coarse-Grained Classification Problems},
  booktitle	= {Advances in Neural Information Processing Systems},
  year		= {2020}
}

@Conference{	  SutMilSchBau19,
  title		= {Robustly Disentangled Causal Mechanisms: Validating Deep
		  Representations for Interventional Robustness},
  author	= {Suter, R. and Miladinovic, D. and Sch{\"o}lkopf, B. and
		  Bauer, S.},
  booktitle	= {Proceedings of the 36th International Conference on
		  Machine Learning (ICML)},
  volume	= {97},
  pages		= {6056--6065},
  series	= {Proceedings of Machine Learning Research},
  editors	= {Chaudhuri, Kamalika and Salakhutdinov, Ruslan},
  publisher	= {PMLR},
  year		= {2019}
}

@InProceedings{	  titsias2009variational,
  title		= {Variational learning of inducing variables in sparse
		  Gaussian processes},
  author	= {Titsias, Michalis},
  booktitle	= {Artificial Intelligence and Statistics (AISTATS)},
  pages		= {567--574},
  year		= {2009}
}

@Article{	  Tol19,
  author	= {Song{\"{u}}l Tolan},
  title		= {Fair and Unbiased Algorithmic Decision Making: Current
		  State and Future Challenges},
  journal	= {arXiv preprint arXiv:1901.04730},
  year		= {2019}
}

@Article{	  tran2019discrete,
  title		= {Discrete Flows: Invertible Generative Models of Discrete
		  Data},
  author	= {Tran, Dustin and Vafa, Keyon and Agrawal, Kumar Krishna
		  and Dinh, Laurent and Poole, Ben},
  journal	= {arXiv preprint arXiv:1905.10347},
  year		= {2019}
}

@Article{	  tsybakov2004optimal,
  title		= {Optimal aggregation of classifiers in statistical
		  learning},
  author	= {Tsybakov, Alexander B and others},
  journal	= {The Annals of Statistics},
  volume	= {32},
  number	= {1},
  pages		= {135--166},
  year		= {2004},
  publisher	= {Institute of Mathematical Statistics}
}

@InProceedings{	  van2016conditional,
  title		= {Conditional image generation with pixelcnn decoders},
  author	= {Van den Oord, Aaron and Kalchbrenner, Nal and Espeholt,
		  Lasse and Vinyals, Oriol and Graves, Alex and others},
  booktitle	= {Advances in neural information processing systems},
  pages		= {4790--4798},
  year		= {2016}
}

@InProceedings{	  vanhatalo2009gaussian,
  title		= {Gaussian process regression with {S}tudent-t likelihood},
  author	= {Vanhatalo, Jarno and Jyl{\"a}nki, Pasi and Vehtari, Aki},
  booktitle	= {Advances in Neural Information Processing Systems},
  pages		= {1910--1918},
  year		= {2009}
}

@InProceedings{	  vaswani2017attention,
  title		= {Attention is all you need},
  author	= {Vaswani, Ashish and Shazeer, Noam and Parmar, Niki and
		  Uszkoreit, Jakob and Jones, Llion and Gomez, Aidan N and
		  Kaiser, {\L}ukasz and Polosukhin, Illia},
  booktitle	= {Advances in neural information processing systems},
  pages		= {5998--6008},
  year		= {2017}
}

@InProceedings{	  verma2018fairness,
  title		= {Fairness definitions explained},
  author	= {Verma, Sahil and Rubin, Julia},
  booktitle	= {2018 IEEE/ACM International Workshop on Software Fairness
		  (FairWare)},
  pages		= {1--7},
  year		= {2018},
  organization	= {IEEE}
}

@Article{	  wachter2017counterfactual,
  title		= {Counterfactual explanations without opening the black box:
		  Automated decisions and the GDPR},
  author	= {Wachter, Sandra and Mittelstadt, Brent and Russell,
		  Chris},
  journal	= {Harvard Journal of Law and Technology},
  volume	= {31},
  year		= {2018}
}

@InProceedings{	  wick2019unlocking,
  title		= {Unlocking Fairness: a Trade-off Revisited},
  author	= {Wick, Michael and Panda, Swetasudha and Tristan,
		  Jean-Baptiste},
  booktitle	= {Advances in Neural Information Processing Systems},
  pages		= {8783--8792},
  volume	= {32},
  year		= {2019}
}

@InProceedings{	  williams1996gaussian,
  title		= {Gaussian processes for regression},
  author	= {Williams, Christopher KI and Rasmussen, Carl Edward},
  booktitle	= {Advances in Neural Information Processing Systems (NIPS)},
  pages		= {514--520},
  year		= {1996}
}

@Article{	  williams1998bayesian,
  title		= {Bayesian classification with Gaussian processes},
  author	= {Williams, Christopher KI and Barber, David},
  journal	= {IEEE Transactions on Pattern Analysis and Machine
		  Intelligence},
  volume	= {20},
  number	= {12},
  pages		= {1342--1351},
  year		= {1998},
  publisher	= {IEEE}
}

@InProceedings{	  wilson2016stochastic,
  title		= {Stochastic variational deep kernel learning},
  author	= {Wilson, Andrew G and Hu, Zhiting and Salakhutdinov, Ruslan
		  R and Xing, Eric P},
  booktitle	= {NIPS},
  pages		= {2586--2594},
  year		= {2016}
}

@InProceedings{	  woodworth2017learning,
  title		= {Learning Non-Discriminatory Predictors},
  author	= {Blake Woodworth and Suriya Gunasekar and Mesrob I.
		  Ohannessian and Nathan Srebro},
  booktitle	= {Proceedings of the 2017 Conference on Learning Theory},
  pages		= {1920--1953},
  year		= {2017},
  editor	= {Satyen Kale and Ohad Shamir},
  volume	= {65},
  address	= {Amsterdam, Netherlands},
  month		= {7},
  publisher	= {PMLR}
}

@InProceedings{	  wu2019pc,
  title		= {Pc-fairness: A unified framework for measuring
		  causality-based fairness},
  author	= {Wu, Yongkai and Zhang, Lu and Wu, Xintao and Tong,
		  Hanghang},
  booktitle	= {Advances in Neural Information Processing Systems},
  pages		= {3404--3414},
  year		= {2019}
}

@InProceedings{	  xian2018feature,
  title		= {Feature generating networks for zero-shot learning},
  author	= {Xian, Yongqin and Lorenz, Tobias and Schiele, Bernt and
		  Akata, Zeynep},
  booktitle	= {Proceedings of the IEEE conference on computer vision and
		  pattern recognition},
  pages		= {5542--5551},
  year		= {2018}
}

@Article{	  xian2018zero,
  title		= {Zero-shot learningâA comprehensive evaluation of the
		  good, the bad and the ugly},
  author	= {Xian, Yongqin and Lampert, Christoph H and Schiele, Bernt
		  and Akata, Zeynep},
  journal	= {IEEE Transactions on Pattern Analysis and Machine
		  Intelligence},
  volume	= {41},
  number	= {9},
  pages		= {2251--2265},
  year		= {2018}
}

@InProceedings{	  xiao2017dna,
  title		= {{DNA}-{GAN}: {L}earning disentangled representations from
		  multi-attribute images},
  author	= {Xiao, Taihong and Hong, Jiapeng and Ma, Jinwen},
  booktitle	= {ICLR workshop},
  year		= {2018}
}

@Article{	  xiao2017fashion,
  title		= {Fashion-mnist: a novel image dataset for benchmarking
		  machine learning algorithms},
  author	= {Xiao, Han and Rasul, Kashif and Vollgraf, Roland},
  journal	= {arXiv preprint arXiv:1708.07747},
  year		= {2017}
}

@InProceedings{	  YagStrRosLin11,
  author	= {Jay Yagnik and Dennis Strelow and David A. Ross and
		  Ruei{-}Sung Lin},
  editor	= {Dimitris N. Metaxas and Long Quan and Alberto Sanfeliu and
		  Luc Van Gool},
  title		= {The power of comparative reasoning},
  booktitle	= {{IEEE} International Conference on Computer Vision, {ICCV}
		  2011, Barcelona, Spain, November 6-13, 2011},
  pages		= {2431--2438},
  publisher	= {{IEEE} Computer Society},
  year		= {2011}
}

@InProceedings{	  zafar2017fairnessconstraints,
  title		= {Fairness Constraints: Mechanisms for Fair Classification},
  author	= {Zafar, Muhammad Bilal and Valera, Isabel and Gomez
		  Rodriguez, Manuel and Gummadi, Krishna P},
  booktitle	= {Artificial Intelligence and Statistics},
  pages		= {962--970},
  year		= {2017},
  sorttitle	= {a}
}

@InProceedings{	  zafar2017fairnesstreatment,
  title		= {Fairness Beyond Disparate Treatment \& Disparate Impact:
		  Learning Classification without Disparate Mistreatment},
  author	= {Zafar, Muhammad Bilal and Valera, Isabel and Gomez
		  Rodriguez, Manuel and Gummadi, Krishna P},
  booktitle	= {Proceedings of the 26th International Conference on World
		  Wide Web},
  pages		= {1171--1180},
  year		= {2017},
  organization	= {International World Wide Web Conferences Steering
		  Committee},
  sorttitle	= {b}
}

@InProceedings{	  zaheer2017deep,
  title		= {Deep sets},
  author	= {Zaheer, Manzil and Kottur, Satwik and Ravanbakhsh, Siamak
		  and Poczos, Barnabas and Salakhutdinov, Russ R and Smola,
		  Alexander J},
  booktitle	= {Advances in neural information processing systems},
  pages		= {3391--3401},
  year		= {2017}
}

@InProceedings{	  zemel2013learning,
  title		= {Learning Fair Representations},
  author	= {Zemel, Richard and Wu, Yu and Swersky, Kevin and Pitassi,
		  Toniann and Dwork, Cynthia},
  booktitle	= {International Conference on Machine Learning},
  series	= {Proceedings of Machine Learning Research},
  pages		= {325--333},
  year		= {2013}
}

@InProceedings{	  zhang2018examining,
  title		= {Examining {CNN} representations with respect to dataset
		  bias},
  author	= {Zhang, Quanshi and Wang, Wenguan and Zhu, Song-Chun},
  booktitle	= {Thirty-Second AAAI Conference on Artificial Intelligence},
  year		= {2018}
}

@InProceedings{	  zhang2018mitigating,
  author	= {Zhang, Brian Hu and Lemoine, Blake and Mitchell,
		  Margaret},
  title		= {Mitigating Unwanted Biases with Adversarial Learning},
  year		= {2018},
  isbn		= {9781450360128},
  publisher	= {Association for Computing Machinery},
  address	= {New York, NY, USA},
  doi		= {10.1145/3278721.3278779},
  booktitle	= {Proceedings of the 2018 AAAI/ACM Conference on AI, Ethics,
		  and Society},
  pages		= {335â340},
  numpages	= {6},
  location	= {New Orleans, LA, USA},
  series	= {AIES '18}
}

@Article{	  zhang2018visual,
  title		= {Visual interpretability for Deep Learning: a survey},
  author	= {Zhang, Quanshi and Zhu, Song-Chun},
  journal	= {Frontiers of Information Technology \& Electronic
		  Engineering},
  volume	= {19},
  number	= {1},
  pages		= {27--39},
  year		= {2018},
  publisher	= {Springer}
}

@InProceedings{	  zhu2017unpaired,
  title		= {Unpaired image-to-image translation using cycle-consistent
		  adversarial networks},
  author	= {Zhu, Jun-Yan and Park, Taesung and Isola, Phillip and
		  Efros, Alexei A},
  booktitle	= {Proceedings of the IEEE international conference on
		  computer vision},
  pages		= {2223--2232},
  year		= {2017}
}

@inproceedings{ roh2021fairbatch,
title={FairBatch: Batch Selection for Model Fairness},
author={Yuji Roh and Kangwook Lee and Steven Euijong Whang and Changho Suh},
booktitle={International Conference on Learning Representations},
year={2021},
url={https://openreview.net/forum?id=YNnpaAKeCfx}
}

@inproceedings{ khalifa2021distributional,
title={A Distributional Approach to Controlled Text Generation},
author={Muhammad Khalifa and Hady Elsahar and Marc Dymetman},
booktitle={International Conference on Learning Representations},
year={2021},
url={https://openreview.net/forum?id=jWkw45-9AbL}
}

@inproceedings{stiennon2020learning,
 author = {Stiennon, Nisan and Ouyang, Long and Wu, Jeffrey and Ziegler, Daniel and Lowe, Ryan and Voss, Chelsea and Radford, Alec and Amodei, Dario and Christiano, Paul F},
 booktitle = {Advances in Neural Information Processing Systems},
 pages = {3008--3021},
 title = {Learning to summarize with human feedback},
 volume = {33},
 year = {2020}
}
