% --- Domain Generalisation/shortcut-learning ---
@article{geirhos2020shortcut,
  title={Shortcut learning in deep neural networks},
  author={Geirhos, Robert and Jacobsen, J{\"o}rn-Henrik and Michaelis, Claudio and Zemel, Richard and Brendel, Wieland and Bethge, Matthias and Wichmann, Felix A},
  journal={Nature Machine Intelligence},
  volume={2},
  number={11},
  pages={665--673},
  year={2020},
  publisher={Nature Publishing Group}
}

@inproceedings{mahajan2021domain,
  title={Domain generalization using causal matching},
  author={Mahajan, Divyat and Tople, Shruti and Sharma, Amit},
  booktitle={International Conference on Machine Learning},
  pages={7313--7324},
  year={2021},
  organization={PMLR}
}

@article{pezeshki2021gradient,
  title={Gradient starvation: A learning proclivity in neural networks},
  author={Pezeshki, Mohammad and Kaba, Oumar and Bengio, Yoshua and Courville, Aaron C and Precup, Doina and Lajoie, Guillaume},
  journal={Advances in Neural Information Processing Systems},
  volume={34},
  pages={1256--1272},
  year={2021}
}

@inproceedings{geirhos2018imagenet,
  title={ImageNet-trained CNNs are biased towards texture; increasing shape bias improves accuracy and robustness},
  author={Geirhos, Robert and Rubisch, Patricia and Michaelis, Claudio and Bethge, Matthias and Wichmann, Felix A and Brendel, Wieland},
  booktitle={International Conference on Learning Representations},
  year={2018}
}

@inproceedings{gulrajani2020search,
  title={In Search of Lost Domain Generalization},
  author={Gulrajani, Ishaan and Lopez-Paz, David},
  booktitle={International Conference on Learning Representations},
  year={2020}
}

@inproceedings{volk2019towards,
  title={Towards robust CNN-based object detection through augmentation with synthetic rain variations},
  author={Volk, Georg and M{\"u}ller, Stefan and Von Bernuth, Alexander and Hospach, Dennis and Bringmann, Oliver},
  booktitle={2019 IEEE Intelligent Transportation Systems Conference (ITSC)},
  pages={285--292},
  year={2019},
  organization={IEEE}
}

@inproceedings{alcorn2019strike,
  title={Strike (with) a pose: Neural networks are easily fooled by strange poses of familiar objects},
  author={Alcorn, Michael A and Li, Qi and Gong, Zhitao and Wang, Chengfei and Mai, Long and Ku, Wei-Shinn and Nguyen, Anh},
  booktitle={Proceedings of the IEEE/CVF Conference on Computer Vision and Pattern Recognition},
  pages={4845--4854},
  year={2019}
}

@article{arjovskyinvariant,
  title={Invariant Risk Minimization},
  author={Arjovsky, Martin and Bottou, L{\'e}on and Gulrajani, Ishaan and Lopez-Paz, David}
}

@inproceedings{dai2018dark,
  title={Dark model adaptation: Semantic image segmentation from daytime to nighttime},
  author={Dai, Dengxin and Van Gool, Luc},
  booktitle={2018 21st International Conference on Intelligent Transportation Systems (ITSC)},
  pages={3819--3824},
  year={2018},
  organization={IEEE}
}

@inproceedings{beery2018recognition,
  title={Recognition in terra incognita},
  author={Beery, Sara and Van Horn, Grant and Perona, Pietro},
  booktitle={Proceedings of the European conference on computer vision (ECCV)},
  pages={456--473},
  year={2018}
}

@article{castro2020causality,
  title={Causality matters in medical imaging},
  author={Castro, Daniel C and Walker, Ian and Glocker, Ben},
  journal={Nature Communications},
  volume={11},
  number={1},
  pages={1--10},
  year={2020},
  publisher={Nature Publishing Group}
}

@article{albadawy2018deep,
  title={Deep learning for segmentation of brain tumors: Impact of cross-institutional training and testing},
  author={AlBadawy, Ehab A and Saha, Ashirbani and Mazurowski, Maciej A},
  journal={Medical physics},
  volume={45},
  number={3},
  pages={1150--1158},
  year={2018},
  publisher={Wiley Online Library}
}

@article{shah2020pitfalls,
  title={The pitfalls of simplicity bias in neural networks},
  author={Shah, Harshay and Tamuly, Kaustav and Raghunathan, Aditi and Jain, Prateek and Netrapalli, Praneeth},
  journal={Advances in Neural Information Processing Systems},
  volume={33},
  pages={9573--9585},
  year={2020}
}

@inproceedings{creager2021environment,
  title={Environment inference for invariant learning},
  author={Creager, Elliot and Jacobsen, J{\"o}rn-Henrik and Zemel, Richard},
  booktitle={International Conference on Machine Learning},
  pages={2189--2200},
  year={2021},
  organization={PMLR}
}

@article{sagawa2019distributionally,
  title={Distributionally robust neural networks for group shifts: On the importance of regularization for worst-case generalization},
  author={Sagawa, Shiori and Koh, Pang Wei and Hashimoto, Tatsunori B and Liang, Percy},
  journal={arXiv preprint arXiv:1911.08731},
  year={2019}
}

@article{shen2021towards,
  title={Towards out-of-distribution generalization: A survey},
  author={Shen, Zheyan and Liu, Jiashuo and He, Yue and Zhang, Xingxuan and Xu, Renzhe and Yu, Han and Cui, Peng},
  journal={arXiv preprint arXiv:2108.13624},
  year={2021}
}

% -- Underspecification --
@article{semenova2019study,
  title={A study in Rashomon curves and volumes: A new perspective on generalization and model simplicity in machine learning},
  author={Semenova, Lesia and Rudin, Cynthia and Parr, Ronald},
  journal={arXiv preprint arXiv:1908.01755},
  year={2019}
}

@article{breiman2001statistical,
  title={Statistical modeling: The two cultures (with comments and a rejoinder by the author)},
  author={Breiman, Leo},
  journal={Statistical science},
  volume={16},
  number={3},
  pages={199--231},
  year={2001},
  publisher={Institute of Mathematical Statistics}
}

@article{d2020underspecification,
  title={Underspecification presents challenges for credibility in modern machine learning},
  author={D'Amour, Alexander and Heller, Katherine and Moldovan, Dan and Adlam, Ben and Alipanahi, Babak and Beutel, Alex and Chen, Christina and Deaton, Jonathan and Eisenstein, Jacob and Hoffman, Matthew D and others},
  journal={arXiv preprint arXiv:2011.03395},
  year={2020}
}
% -- Fairness --
@article{edwards2015censoring,
  title={Censoring representations with an adversary},
  author={Edwards, Harrison and Storkey, Amos},
  journal={arXiv preprint arXiv:1511.05897},
  year={2015}
}

@inproceedings{madras2018learning,
title={Learning adversarially fair and transferable representations},
author={Madras, David and Creager, Elliot and Pitassi, Toniann and Zemel, Richard},
booktitle={International Conference on Machine Learning},
pages={3384--3393},
year={2018},
organization={PMLR}
}

@inproceedings{hashimoto2018fairness,
  title={Fairness without demographics in repeated loss minimization},
  author={Hashimoto, Tatsunori and Srivastava, Megha and Namkoong, Hongseok and Liang, Percy},
  booktitle={International Conference on Machine Learning},
  pages={1929--1938},
  year={2018},
  organization={PMLR}
}

@article{lahoti2020fairness,
  title={Fairness without demographics through adversarially reweighted learning},
  author={Lahoti, Preethi and Beutel, Alex and Chen, Jilin and Lee, Kang and Prost, Flavien and Thain, Nithum and Wang, Xuezhi and Chi, Ed},
  journal={Advances in neural information processing systems},
  volume={33},
  pages={728--740},
  year={2020}
}

% -- i.i.d learning theory/traditional supervised learning --
@article{vogel2020weighted,
  title={Weighted empirical risk minimization: Sample selection bias correction based on importance sampling},
  author={Vogel, Robin and Achab, Mastane and Cl{\'e}men{\c{c}}on, St{\'e}phan and Tillier, Charles},
  journal={arXiv preprint arXiv:2002.05145},
  year={2020}
}
@inproceedings{wang2021importance,
title={Is Importance Weighting Incompatible with Interpolating Classifiers?},
author={Wang, Ke Alexander and Chatterji, Niladri Shekhar and Haque, Saminul and Hashimoto, Tatsunori},
booktitle={International Conference on Learning Representations},
year={2021}
}
@article{zhai2022understanding,
title={Understanding Why Generalized Reweighting Does Not Improve Over ERM},
author={Zhai, Runtian and Dan, Chen and Kolter, Zico and Ravikumar, Pradeep},
journal={arXiv e-prints},
pages={arXiv--2201},
year={2022}
}
@inproceedings{idrissi2022simple,
  title={Simple data balancing achieves competitive worst-group-accuracy},
  author={Idrissi, Badr Youbi and Arjovsky, Martin and Pezeshki, Mohammad and Lopez-Paz, David},
  booktitle={Conference on Causal Learning and Reasoning},
  pages={336--351},
  year={2022},
  organization={PMLR}
}

@article{vapnik1991principles,
  title={Principles of risk minimization for learning theory},
  author={Vapnik, Vladimir},
  journal={Advances in neural information processing systems},
  volume={4},
  year={1991}
}
