@inproceedings{blum2020recovering,
  title={Recovering from Biased Data: Can Fairness Constraints Improve Accuracy?},
  author={Blum, Avrim and Stangl, Kevin},
  booktitle={1st Symposium on Foundations of Responsible Computing (FORC 2020)},
  year={2020},
  organization={Schloss Dagstuhl-Leibniz-Zentrum f{\"u}r Informatik}
}

@inproceedings{quadrianto2017recycling,
  title={Recycling privileged learning and distribution matching for fairness},
  author={Quadrianto, Novi and Sharmanska, Viktoriia},
  booktitle={Advances in Neural Information Processing Systems},
  pages={677--688},
  year={2017}
}

@inproceedings{zafar2017fairnesstreatment,
  title={Fairness beyond disparate treatment \& disparate impact: Learning classification without disparate mistreatment},
  author={Zafar, Muhammad Bilal and Valera, Isabel and Gomez Rodriguez, Manuel and Gummadi, Krishna P},
  booktitle={Proceedings of the 26th International Conference on World Wide Web},
  pages={1171--1180},
  year={2017},
  organization={International World Wide Web Conferences Steering Committee},
  sorttitle={b}
}

@inproceedings{dwork2012fairness,
  title={Fairness through awareness},
  author={Dwork, Cynthia and Hardt, Moritz and Pitassi, Toniann and Reingold, Omer and Zemel, Richard},
  booktitle={Proceedings of the 3rd innovations in theoretical computer science conference},
  pages={214--226},
  year={2012},
  organization={ACM}
}

@inproceedings{zafar2017fairnessconstraints,
  title={Fairness Constraints: Mechanisms for Fair Classification},
  author={Zafar, Muhammad Bilal and Valera, Isabel and Gomez Rodriguez, Manuel and Gummadi, Krishna P},
  booktitle={Artificial Intelligence and Statistics},
  pages={962--970},
  year={2017},
  sorttitle={a}
}

@inproceedings{hardt2016equality,
  title={Equality of opportunity in supervised learning},
  author={Hardt, Moritz and Price, Eric and Srebro, Nati and others},
  booktitle={Advances in neural information processing systems},
  pages={3315--3323},
  year={2016}
}

@article{friedler2018comparative,
  title={A comparative study of fairness-enhancing interventions in machine learning},
  author={Friedler, Sorelle A and Scheidegger, Carlos and Venkatasubramanian, Suresh and Choudhary, Sonam and Hamilton, Evan P and Roth, Derek},
  journal={arXiv preprint arXiv:1802.04422},
  year={2018}
}

@article{chouldechova2017fair,
  title={Fair prediction with disparate impact: A study of bias in recidivism prediction instruments},
  author={Chouldechova, Alexandra},
  journal={Big data},
  volume={5},
  number={2},
  pages={153--163},
  year={2017},
  publisher={Mary Ann Liebert, Inc. 140 Huguenot Street, 3rd Floor New Rochelle, NY 10801 USA}
}

@article{kleinberg2016inherent,
  title={Inherent trade-offs in the fair determination of risk scores},
  author={Kleinberg, Jon and Mullainathan, Sendhil and Raghavan, Manish},
  journal={arXiv preprint arXiv:1609.05807},
  year={2016}
}

@misc{Dua:2017 ,
author = "Dheeru, Dua and Karra Taniskidou, Efi",
year = "2017",
title = "{UCI} Machine Learning Repository",
url = "http://archive.ics.uci.edu/ml",
institution = "University of California, Irvine, School of Information and Computer Sciences" }

@article{miao2010did,
  title={Did the results of promotion exams have a disparate impact on minorities? {U}sing statistical evidence in Ricci v. DeStefano},
  author={Miao, Weiwen},
  journal={Journal of Statistics Education},
  volume={18},
  number={3},
  year={2010},
  publisher={Taylor \& Francis}
}

@inproceedings{kamiran2009classifying,
  title={Classifying without discriminating},
  author={Kamiran, Faisal and Calders, Toon},
  booktitle={Computer, Control and Communication, 2009. IC4 2009. 2nd International Conference on},
  pages={1--6},
  year={2009},
  organization={IEEE}
}

@article{angwin2016machine,
  title={Machine bias},
  author={Angwin, Julia and Larson, Jeff and Mattu, Surya and Kirchner, Lauren},
  journal={ProPublica, May},
  volume={23},
  year={2016}
}

@inproceedings{zemel2013learning,
  title={Learning fair representations},
  author={Zemel, Rich and Wu, Yu and Swersky, Kevin and Pitassi, Toni and Dwork, Cynthia},
  booktitle={International Conference on Machine Learning},
  pages={325--333},
  year={2013}
}

@article{louizos2016variational,
  author={Christos Louizos and Kevin Swersky and Yujia Li and Max Welling and Richard S. Zemel},
  title={The Variational Fair Autoencoder},
  year={2016},
  booktitle={International Conference on Learning Representations (ICLR)}
}

@inproceedings{feldman2015certifying,
  title={Certifying and removing disparate impact},
  author={Feldman, Michael and Friedler, Sorelle A and Moeller, John and Scheidegger, Carlos and Venkatasubramanian, Suresh},
  booktitle={Proceedings of the 21th ACM SIGKDD International Conference on Knowledge Discovery and Data Mining},
  pages={259--268},
  year={2015},
  organization={ACM}
}

@inproceedings{luong2011k,
  title={k-NN as an implementation of situation testing for discrimination discovery and prevention},
  author={Luong, Binh Thanh and Ruggieri, Salvatore and Turini, Franco},
  booktitle={Proceedings of the 17th ACM SIGKDD international conference on Knowledge discovery and data mining},
  pages={502--510},
  year={2011},
  organization={ACM}
}

@inproceedings{joseph2016fairness,
  title={Fairness in learning: Classic and contextual bandits},
  author={Joseph, Matthew and Kearns, Michael and Morgenstern, Jamie H and Roth, Aaron},
  booktitle={Advances in Neural Information Processing Systems},
  pages={325--333},
  year={2016}
}

@inproceedings{kamishima2011fairness,
  title={Fair{\-}ness-aware learning through regularization approach},
  author={Kamishima, Toshihiro and Akaho, Shotaro and Sakuma, Jun},
  booktitle={Data Mining Workshops (ICDMW), 2011 IEEE 11th International Conference on},
  pages={643--650},
  year={2011},
  organization={IEEE}
}

@inproceedings{kamishima2012fairness,
  title={Fairness-aware classifier with prejudice remover regularizer},
  author={Kamishima, Toshihiro and Akaho, Shotaro and Asoh, Hideki and Sakuma, Jun},
  booktitle={Joint European Conference on Machine Learning and Knowledge Discovery in Databases},
  pages={35--50},
  year={2012},
  organization={Springer}
}

@inproceedings{pedreshi2008discrimination,
  title={Dis{\-}crimination-aware data mining},
  author={Pedreshi, Dino and Ruggieri, Salvatore and Turini, Franco},
  booktitle={Proceedings of the 14th ACM SIGKDD international conference on Knowledge discovery and data mining},
  pages={560--568},
  year={2008},
  organization={ACM}
}

@article{ruggieri2010data,
  title={Data mining for discrimination discovery},
  author={Ruggieri, Salvatore and Pedreschi, Dino and Turini, Franco},
  journal={ACM Transactions on Knowledge Discovery from Data (TKDD)},
  volume={4},
  number={2},
  pages={9},
  year={2010},
  publisher={ACM}
}

@inproceedings{calders2009building,
  title={Building classifiers with independency constraints},
  author={Calders, Toon and Kamiran, Faisal and Pechenizkiy, Mykola},
  booktitle={Data mining workshops, 2009. ICDMW'09. IEEE international conference on},
  pages={13--18},
  year={2009},
  organization={IEEE}
}

@article{lum2016statistical,
  title={A statistical framework for fair predictive algorithms},
  author={Lum, Kristian and Johndrow, James},
  journal={arXiv preprint arXiv:1610.08077},
  year={2016}
}

@inproceedings{BarCraShaWal17,
  author    = {Solon Barocas and
               Kate Crawford and
               Aaron Shapiro and
               Hanna Wallach},
  title     = {The problem with bias: from allocative to representational harms in machine learning},
  booktitle = {Special Interest Group for Computing, Information and Society (SIGCIS)},
  year      = {2017}
}

@article{adler2018auditing,
  title={Auditing black-box models for indirect influence},
  author={Adler, Philip and Falk, Casey and Friedler, Sorelle A and Nix, Tionney and Rybeck, Gabriel and Scheidegger, Carlos and Smith, Brandon and Venkatasubramanian, Suresh},
  journal={Knowledge and Information Systems},
  volume={54},
  number={1},
  pages={95--122},
  year={2018},
  publisher={Springer}
}

@InProceedings{woodworth2017learning,
  title =    {Learning Non-Discriminatory Predictors},
  author =   {Blake Woodworth and Suriya Gunasekar and Mesrob I. Ohannessian and Nathan Srebro},
  booktitle =    {Proceedings of the 2017 Conference on Learning Theory},
  pages =    {1920--1953},
  year =   {2017},
  editor =   {Satyen Kale and Ohad Shamir},
  volume =   {65},
  address =    {Amsterdam, Netherlands},
  month =    {7},
  publisher =    {PMLR},
}

@InProceedings{GohCotGupFri16,
title = {Satisfying Real-world Goals with Dataset Constraints},
author = {Goh, Gabriel and Cotter, Andrew and Gupta, Maya and Friedlander, Michael P},
booktitle = {Advances in Neural Information Processing Systems},
editor = {D. D. Lee and M. Sugiyama and U. V. Luxburg and I. Guyon and R. Garnett},
pages = {2415--2423},
year = {2016}
}

@article{madras2018learning,
  author    = {David Madras and
               Elliot Creager and
               Toniann Pitassi and
               Richard S. Zemel},
  title     = {Learning Adversarially Fair and Transferable Representations},
  journal   = {CoRR},
  volume    = {abs/1802.06309},
  year      = {2018}
}

@article{BarSel16,
  author    = {Solon Barocas and Andrew D. Selbst},
  title     = {Big Data's Disparate Impact},
  journal   = {California Law Review},
  volume    = {104},
  pages     = {671--732},
  year      = {2016}
}

@inproceedings{HerLiRowBuietal16,
  author    = {Jos{\'{e}} Miguel Hern{\'{a}}ndez{-}Lobato and
               Yingzhen Li and
               Mark Rowland and
               Thang D. Bui and
               Daniel Hern{\'{a}}ndez{-}Lobato and
               Richard E. Turner},
  title     = {Black-Box Alpha Divergence Minimization},
  booktitle = {International Conference on Machine Learning (ICML)},
  pages     = {1511--1520},
  year      = {2016}
}

@inproceedings{kingma2015adam,
  title={Adam: A Method for Stochastic Optimization},
  author={Diederik P. Kingma and Jimmy Ba},
  booktitle={International Conference on Learning Representations (ICLR)},
  year={2015},
}

@article{pearl2018theoretical,
  title={Theoretical impediments to machine learning with seven sparks from the causal revolution},
  author={Pearl, Judea},
  journal={arXiv preprint arXiv:1801.04016},
  year={2018}
}

@inproceedings{kusner2017counterfactual,
  title={Counterfactual fairness},
  author={Kusner, Matt J and Loftus, Joshua and Russell, Chris and Silva, Ricardo},
  booktitle={Advances in Neural Information Processing Systems (NIPS)},
  pages={4066--4076},
  year={2017}
}

@inproceedings{chiappa2019path,
  title={Path-specific counterfactual fairness},
  author={Chiappa, Silvia},
  booktitle={Proceedings of the AAAI Conference on Artificial Intelligence},
  volume={33},
  pages={7801--7808},
  year={2019}
}

@inproceedings{wu2019pc,
  title={Pc-fairness: A unified framework for measuring causality-based fairness},
  author={Wu, Yongkai and Zhang, Lu and Wu, Xintao and Tong, Hanghang},
  booktitle={Advances in Neural Information Processing Systems},
  pages={3404--3414},
  year={2019}
}

@inproceedings{kilbertus2020sensitivity,
  title={The sensitivity of counterfactual fairness to unmeasured confounding},
  author={Kilbertus, Niki and Ball, Philip J and Kusner, Matt J and Weller, Adrian and Silva, Ricardo},
  booktitle={Uncertainty in Artificial Intelligence},
  pages={616--626},
  year={2020},
  organization={PMLR}
}

@InProceedings{creager2020causal,
  title = 	 {Causal Modeling for Fairness In Dynamical Systems},
  author =       {Creager, Elliot and Madras, David and Pitassi, Toniann and Zemel, Richard},
  booktitle = 	 {Proceedings of the 37th International Conference on Machine Learning},
  pages = 	 {2185--2195},
  year = 	 {2020},
  editor = 	 {Hal Daumé III and Aarti Singh},
  volume = 	 {119},
  address = 	 {Virtual},
  month = 	 {7},
  publisher =    {PMLR},
}

@inproceedings{williams1996gaussian,
  title={Gaussian processes for regression},
  author={Williams, Christopher KI and Rasmussen, Carl Edward},
  booktitle={Advances in Neural Information Processing Systems (NIPS)},
  pages={514--520},
  year={1996}
}

@article{neal1997monte,
  title={Monte Carlo implementation of Gaussian process models for Bayesian regression and classification},
  author={Neal, Radford M},
  journal={arXiv preprint physics/9701026},
  year={1997}
}

@incollection{rasmussen2004gaussian,
  title={Gaussian processes in machine learning},
  author={Rasmussen, Carl Edward},
  booktitle={Advanced lectures on machine learning},
  pages={63--71},
  year={2004},
  publisher={Springer}
}

@article{quinonero2005unifying,
  title={A unifying view of sparse approximate Gaussian process regression},
  author={Qui{\~n}onero-Candela, Joaquin and Rasmussen, Carl Edward},
  journal={Journal of Machine Learning Research},
  volume={6},
  number={Dec},
  pages={1939--1959},
  year={2005}
}

@inproceedings{titsias2009variational,
  title={Variational learning of inducing variables in sparse Gaussian processes},
  author={Titsias, Michalis},
  booktitle={Artificial Intelligence and Statistics (AISTATS)},
  pages={567--574},
  year={2009}
}

@article{williams1998bayesian,
  title={Bayesian classification with Gaussian processes},
  author={Williams, Christopher KI and Barber, David},
  journal={IEEE Transactions on Pattern Analysis and Machine Intelligence},
  volume={20},
  number={12},
  pages={1342--1351},
  year={1998},
  publisher={IEEE}
}

@article{wachter2017counterfactual,
  title={Counterfactual explanations without opening the black box: Automated decisions and the GDPR},
  author={Wachter, Sandra and Mittelstadt, Brent and Russell, Chris},
  journal={Harvard Journal of Law and Technology},
  volume={31},
  year={2018}
}

@phdthesis{minka2001family,
  title={A family of algorithms for approximate Bayesian inference},
  author={Minka, Thomas Peter},
  year={2001},
  school={Massachusetts Institute of Technology}
}

@article{calders2010three,
  title={Three naive Bayes approaches for discrimination-free classification},
  author={Calders, Toon and Verwer, Sicco},
  journal={Data Mining and Knowledge Discovery},
  volume={21},
  number={2},
  pages={277--292},
  year={2010},
  publisher={Springer}
}

@inproceedings{kilbertus2017avoiding,
title = {Avoiding Discrimination through Causal Reasoning},
author = {Kilbertus, Niki and Rojas Carulla, Mateo and Parascandolo, Giambattista and Hardt, Mo{\-}ritz and Janzing, Dominik and Sch\"{o}lkopf, Bernhard},
booktitle = {Advances in Neural Information Processing Systems (NIPS)},
pages = {656--666},
year = {2017},
}

@inproceedings{kohavi1996scaling,
  title={Scaling up the accuracy of Naive-Bayes classifiers: a Decision-Tree Hybrid},
  author={Kohavi, Ron},
  booktitle={Knowledge Discovery and Data Mining},
  volume={96},
  pages={202--207},
  year={1996},
}

@inproceedings{dezfouli2015scalable,
  author    = {Amir Dezfouli and Edwin V. Bonilla},
  title     = {Scalable Inference for Gaussian Process Models with Black-Box Likelihoods},
  booktitle = {Advances in Neural Information Processing Systems},
  pages     = {1414--1422},
  year      = {2015}
}

@inproceedings{edwards2016censoring,
  title     = "Censoring Representations with an Adversary",
  author    = "Harrison Edwards and Amos Storkey",
  year      = "2016",
  month     = "2",
  booktitle = "International Conference in Learning Representations (ICLR2016)"
}

@inproceedings{zhang2018mitigating,
  author = {Zhang, Brian Hu and Lemoine, Blake and Mitchell, Margaret},
  title = {Mitigating Unwanted Biases with Adversarial Learning},
  year = {2018},
  isbn = {9781450360128},
  publisher = {Association for Computing Machinery},
  address = {New York, NY, USA},
  doi = {10.1145/3278721.3278779},
  booktitle = {Proceedings of the 2018 AAAI/ACM Conference on AI, Ethics, and Society},
  pages = {335–340},
  numpages = {6},
  location = {New Orleans, LA, USA},
  series = {AIES '18}
}

@inproceedings{beutel2017data,
  title={Data decisions and theoretical implications when adversarially learning fair representations},
  author={Beutel, Alex and Chen, Jilin and Zhao, Zhe and Chi, Ed H},
  booktitle = {Workshop on Fairness, Accountability, and Transparency in Machine Learning (FAT/ML)},
  year={2017}
}

@inproceedings{calmon2017optimized,
  title={Optimized pre-processing for discrimination prevention},
  author={Calmon, Flavio and Wei, Dennis and Vinzamuri, Bhanukiran and Ramamurthy, Karthikeyan Natesan and Varshney, Kush R},
  booktitle={Advances in Neural Information Processing Systems (NIPS)},
  pages={3992--4001},
  year={2017}
}

@article{bechavod2017penalizing,
  title={Penalizing Unfairness in Binary Classification},
  author={Bechavod, Yahav and Ligett, Katrina},
  journal={arXiv preprint arXiv:1707.00044},
  year={2017}
}

@article{dedeo2014wrong,
  title={Wrong side of the tracks: Big Data and Protected Categories},
  author={DeDeo, Simon},
  journal={arXiv preprint arXiv:1412.4643},
  year={2014}
}

@article{kilbertus2018blind,
  title={Blind Justice: Fairness with Encrypted Sensitive Attributes},
  author={Kilbertus, Niki and Gasc{\'o}n, Adri{\`a} and Kusner, Matt J and Veale, Michael and Gummadi, Krishna P and Weller, Adrian},
  journal={arXiv preprint arXiv:1806.03281},
  year={2018}
}

@article{everitt2017reinforcement,
  title={Reinforcement learning with a corrupted reward channel},
  author={Everitt, Tom and Krakovna, Victoria and Orseau, Laurent and Hutter, Marcus and Legg, Shane},
  journal={arXiv preprint arXiv:1705.08417},
  year={2017}
}

@article{ganin2016domain,
  author  = {Yaroslav Ganin and Evgeniya Ustinova and Hana Ajakan and Pascal Germain and Hugo Larochelle and Fran{\c{c}}ois Laviolette and Mario March and Victor Lempitsky},
  title   = {Domain-Adversarial Training of Neural Networks},
  journal = {Journal of Machine Learning Research},
  year    = {2016},
  volume  = {17},
  number  = {59},
  pages   = {1-35}
}

@inproceedings{liu2015faceattributes,
 title = {Deep Learning Face Attributes in the Wild},
 author = {Liu, Ziwei and Luo, Ping and Wang, Xiaogang and Tang, Xiaoou},
 booktitle = {Proceedings of International Conference on Computer Vision (ICCV)},
 month = {December},
 year = {2015} 
}

@article{kehrenberg2020tuning,
  author={Kehrenberg, Thomas and Chen, Zexun and Quadrianto, Novi},
  title={Tuning Fairness by Balancing Target Labels},
  journal={Frontiers in Artificial Intelligence},
  volume={3},
  pages={33},
  year={2020}
}

@inproceedings{kehrenberg2020nullsampling,
  author    = {Kehrenberg, Thomas and 
               Bartlett, Myles and 
               Thomas, Oliver and 
               Qua{\-}dri{\-}anto, Novi},
  title     = {Null-sampling for Interpretable and Fair Representations},
  year      = {2020},
  isbn      = {9783030586041},
  publisher = {Springer International Publishing},
  url       = {https://www.ecva.net/papers/eccv_2020/papers_ECCV/papers/123710562.pdf},
  doi       = {10.1007/978-3-030-58604-1},
  booktitle = {Computer Vision – ECCV 2020},
  numpages  = {779},
  location  = {Glasgow, UK}
}

@article{kehrenberg2020zeroshot,
  author = {Kehrenberg, Thomas and Sharmanska, Viktoriia and Bartlett, Myles and Quadrianto, Novi},
title={Zero-shot Fairness with Invisible Demographics},
booktitle={Submitted to International Conference on Learning Representations},
year={2021},
url={https://openreview.net/forum?id=7IElVSrNm54},
note={under review}
}

@inproceedings{wick2019unlocking,
  title={Unlocking fairness: a trade-off revisited},
  author={Wick, Michael and Panda, Swetasudha and Tristan, Jean-Baptiste},
  booktitle={Advances in Neural Information Processing Systems},
  pages={8783--8792},
  volume={32},
  year={2019}
}

@article{friedler2016possibility,
  title={On the (im) possibility of fairness},
  author={Friedler, Sorelle A and Scheidegger, Carlos and Venkatasubramanian, Suresh},
  journal={arXiv preprint arXiv:1609.07236},
  year={2016}
}

@inproceedings{kim2019learning,
  title={Learning not to learn: Training deep neural networks with biased data},
  author={Kim, Byungju and Kim, Hyunwoo and Kim, Kyungsu and Kim, Sungjin and Kim, Junmo},
  booktitle={Proceedings of the IEEE conference on computer vision and pattern recognition},
  pages={9012--9020},
  year={2019}
}

@article{arjovsky2019invariant,
  title={Invariant risk minimization},
  author={Arjovsky, Martin and Bottou, L{\'e}on and Gulrajani, Ishaan and Lopez-Paz, David},
  journal={arXiv preprint arXiv: 1907.02893},
  year={2019}
}

@inproceedings{creager2020environment,
  title={Environment Inference for Invariant Learning},
  author={Creager, Elliot and Jacobsen, J{\"o}rn-Henrik and Zemel, Richard},
  booktitle={ICML Workshop on Uncertainty and Robustness},
  year={2020}
}
