@InProceedings{   bartlett2022okapi,
  author        = {Bartlett, Myles and Romiti, Sara and Sharmanska, Viktoriia and Quadrianto, Novi},
  title         = {Okapi: Generalising Better by Making Statistical Matches Match},
  booktitle     = {Advances in Neural Information Processing Systems},
  location      = {New Orleans, LA, USA},
  volume        = {35},
  year          = {2022}
}

@InProceedings{   kehrenberg2020nullsampling,
  author        = {Kehrenberg, Thomas and Bartlett, Myles and Thomas, Oliver and Quadrianto, Novi},
  booktitle     = {Eu\-ro\-pe\-an Conference on Computer Vision (ECCV)},
  doi           = {10.1007/978-3-030-58604-1},
  location      = {Glasgow, UK},
  numpages      = {779},
  sortname      = {Kehrenberg},
  sorttitle     = {b},
  title         = {Null-sampling for Interpretable and Fair Representations},
  year          = {2020}
}
