@article{madras2018learning,
  title={Learning adversarially fair and transferable representations},
  author={Madras, David and Creager, Elliot and Pitassi, Toniann and Zemel, Richard},
  journal={arXiv preprint arXiv:1802.06309},
  year={2018}
}

@inproceedings{nam2020learning,
  title={Learning from Failure: Training Debiased Classifier from Biased Classifier},
  author={Junhyun Nam and Hyuntak Cha and Sungsoo Ahn and Jaeho Lee and Jinwoo Shin},
  booktitle={Advances in Neural Information Processing Systems},
  year={2020}
}

@article{sagawa2019distributionally,
  title={Distributionally robust neural networks for group shifts: On the importance of regularization for worst-case generalization},
  author={Sagawa, Shiori and Koh, Pang Wei and Hashimoto, Tatsunori B and Liang, Percy},
  journal={arXiv preprint arXiv:1911.08731},
  year={2019}
}

@article{lecun1998gradient,
  title={Gradient-based learning applied to document recognition},
  author={LeCun, Yann and Bottou, L{\'e}on and Bengio, Yoshua and Haffner, Patrick},
  journal={Proceedings of the IEEE},
  volume={86},
  number={11},
  pages={2278--2324},
  year={1998},
  publisher={Ieee}
}

@inproceedings{lee2019set,
  title={Set transformer: A framework for attention-based permutation-invariant neural networks},
  author={Lee, Juho and Lee, Yoonho and Kim, Jungtaek and Kosiorek, Adam and Choi, Seungjin and Teh, Yee Whye},
  booktitle={International Conference on Machine Learning},
  pages={3744--3753},
  year={2019},
  organization={PMLR}
}

@inproceedings{ilse2018attention,
  title={Attention-based deep multiple instance learning},
  author={Ilse, Maximilian and Tomczak, Jakub and Welling, Max},
  booktitle={International conference on machine learning},
  pages={2127--2136},
  year={2018},
  organization={PMLR}
}

@article{creager2019flexibly,
  title={Flexibly fair representation learning by disentanglement},
  author={Creager, Elliot and Madras, David and Jacobsen, J{\"o}rn-Henrik and Weis, Marissa A and Swersky, Kevin and Pitassi, Toniann and Zemel, Richard},
  journal={arXiv preprint arXiv:1906.02589},
  year={2019}
}

@inproceedings{zaheer2017deep,
  title={Deep sets},
  author={Zaheer, Manzil and Kottur, Satwik and Ravanbakhsh, Siamak and Poczos, Barnabas and Salakhutdinov, Russ R and Smola, Alexander J},
  booktitle={Advances in neural information processing systems},
  pages={3391--3401},
  year={2017}
}

@article{arjovsky2019invariant,
  title={Invariant risk minimization},
  author={Arjovsky, Martin and Bottou, L{\'e}on and Gulrajani, Ishaan and Lopez-Paz, David},
  journal={arXiv preprint arXiv:1907.02893},
  year={2019}
}

@article{kamiran2012data,
  title={Data preprocessing techniques for classification without discrimination},
  author={Kamiran, Faisal and Calders, Toon},
  journal={Knowledge and Information Systems},
  volume={33},
  number={1},
  pages={1--33},
  year={2012},
  publisher={Springer}
}

@article{pedregosa2011scikit,
  title={Scikit-learn: Machine learning in Python},
  author={Pedregosa, Fabian and Varoquaux, Ga{\"e}l and Gramfort, Alexandre and Michel, Vincent and Thirion, Bertrand and Grisel, Olivier and Blondel, Mathieu and Prettenhofer, Peter and Weiss, Ron and Dubourg, Vincent and others},
  journal={the Journal of machine Learning research},
  volume={12},
  pages={2825--2830},
  year={2011},
  publisher={JMLR. org}
}

@inproceedings{KinBa15,
  title={Adam: A Method for Stochastic Optimization},
  author={Diederik P. Kingma and Jimmy Ba},
  booktitle={International Conference on Learning Representations (ICLR)},
  year={2015},
}

@article{miyato2018spectral,
  title={Spectral normalization for generative adversarial networks},
  author={Miyato, Takeru and Kataoka, Toshiki and Koyama, Masanori and Yoshida, Yuichi},
  journal={arXiv preprint arXiv:1802.05957},
  year={2018}
}

@inproceedings{chierichetti2017fair,
  title={Fair clustering through fairlets},
  author={Chierichetti, Flavio and Kumar, Ravi and Lattanzi, Silvio and Vassilvitskii, Sergei},
  booktitle={Advances in Neural Information Processing Systems},
  pages={5029--5037},
  year={2017}
}

@inproceedings{huang2019coresets,
  title={Coresets for clustering with fairness constraints},
  author={Huang, Lingxiao and Jiang, Shaofeng and Vishnoi, Nisheeth},
  booktitle={Advances in Neural Information Processing Systems},
  pages={7587--7598},
  year={2019}
}

@article{backurs2019scalable,
  title={Scalable fair clustering},
  author={Backurs, Arturs and Indyk, Piotr and Onak, Krzysztof and Schieber, Baruch and Vakilian, Ali and Wagner, Tal},
  journal={arXiv preprint arXiv:1902.03519},
  year={2019}
}

@inproceedings{dauphin2017language,
  title={Language modeling with gated convolutional networks},
  author={Dauphin, Yann N and Fan, Angela and Auli, Michael and Grangier, David},
  booktitle={Proceedings of the 34th International Conference on Machine Learning-Volume 70},
  pages={933--941},
  year={2017},
  organization={JMLR. org}
}

@inproceedings{klambauer2017self,
  title={Self-normalizing neural networks},
  author={Klambauer, G{\"u}nter and Unterthiner, Thomas and Mayr, Andreas and Hochreiter, Sepp},
  booktitle={Advances in neural information processing systems},
  pages={971--980},
  year={2017}
}

@article{KhaRagLia19,
  author    = {Fereshte Khani and
               Aditi Raghunathan and
               Percy Liang},
  title     = {Maximum Weighted Loss Discrepancy},
  journal   = {CoRR},
  volume    = {abs/1906.03518},
  year      = {2019}
}

@article{SagRagKohLia20,
  author    = {Shiori Sagawa and
               Aditi Raghunathan and
               Pang Wei Koh and
               Percy Liang},
  title     = {An Investigation of Why Overparameterization Exacerbates Spurious
               Correlations},
  journal   = {CoRR},
  volume    = {abs/2005.04345},
  year      = {2020}
}

@article{ganin2016domain,
  title={Domain-adversarial training of neural networks},
  author={Ganin, Yaroslav and Ustinova, Evgeniya and Ajakan, Hana and Germain, Pascal and Larochelle, Hugo and Laviolette, Fran{\c{c}}ois and Marchand, Mario and Lempitsky, Victor},
  journal={The Journal of Machine Learning Research},
  volume={17},
  number={1},
  pages={2096--2030},
  year={2016},
  publisher={JMLR. org}
}

@article{edwards2015censoring,
  title={Censoring representations with an adversary},
  author={Edwards, Harrison and Storkey, Amos},
  journal={arXiv preprint arXiv:1511.05897},
  year={2015}
}

@inproceedings{HasSriNamLia18,
  author    = {Tatsunori B. Hashimoto and
               Megha Srivastava and
               Hongseok Namkoong and
               Percy Liang},
  editor    = {Jennifer G. Dy and
               Andreas Krause},
  title     = {Fairness Without Demographics in Repeated Loss Minimization},
  booktitle = {Proceedings of the 35th International Conference on Machine Learning,
               {ICML} 2018, Stockholmsm{\"{a}}ssan, Stockholm, Sweden, July
               10-15, 2018},
  series    = {Proceedings of Machine Learning Research},
  volume    = {80},
  pages     = {1934--1943},
  publisher = {{PMLR}},
  year      = {2018}
}

@inproceedings{ShuCheKumErmetal20,
  author    = {Rui Shu and
               Yining Chen and
               Abhishek Kumar and
               Stefano Ermon and
               Ben Poole},
  title     = {Weakly Supervised Disentanglement with Guarantees},
  booktitle = {8th International Conference on Learning Representations, {ICLR} 2020,
               Addis Ababa, Ethiopia, April 26-30, 2020},
  publisher = {OpenReview.net},
  year      = {2020}
}

@incollection{JaiRexAbdNat18,
title = {Unsupervised Adversarial Invariance},
author = {Jaiswal, Ayush and Wu, Rex Yue and Abd-Almageed, Wael and Natarajan, Prem},
booktitle = {Advances in Neural Information Processing Systems 31},
editor = {S. Bengio and H. Wallach and H. Larochelle and K. Grauman and N. Cesa-Bianchi and R. Garnett},
pages = {5092--5102},
year = {2018},
publisher = {Curran Associates, Inc.}
}

@incollection{LocAbbRaiBauetal19,
title = {On the Fairness of Disentangled Representations},
author = {Locatello, Francesco and Abbati, Gabriele and Rainforth, Thomas and Bauer, Stefan and Sch\"{o}lkopf, Bernhard and Bachem, Olivier},
booktitle = {Advances in Neural Information Processing Systems 32},
editor = {H. Wallach and H. Larochelle and A. Beygelzimer and F. dAlch\'{e}-Buc and E. Fox and R. Garnett},
pages = {14611--14624},
year = {2019},
publisher = {Curran Associates, Inc.}
}

@article{GroChoShuErm19,
  author    = {Aditya Grover and
               Kristy Choi and
               Rui Shu and
               Stefano Ermon},
  title     = {Fair Generative Modeling via Weak Supervision},
  journal   = {CoRR},
  volume    = {abs/1910.12008},
  year      = {2019}
}

@InProceedings{KeaNeeRotWu18,
  title = 	 {Preventing Fairness Gerrymandering: Auditing and Learning for Subgroup Fairness},
  author = 	 {Kearns, Michael and Neel, Seth and Roth, Aaron and Wu, Zhiwei Steven},
  booktitle = 	 {Proceedings of the 35th International Conference on Machine Learning},
  pages = 	 {2564--2572},
  year = 	 {2018},
  editor = 	 {Dy, Jennifer and Krause, Andreas},
  volume = 	 {80},
  series = 	 {Proceedings of Machine Learning Research},
  publisher = 	 {PMLR}
}

@incollection{JaiWuAbdNat18,
title = {Unsupervised Adversarial Invariance},
author = {Jaiswal, Ayush and Wu, Rex Yue and Abd-Almageed, Wael and Natarajan, Prem},
booktitle = {Advances in Neural Information Processing Systems 31},
editor = {S. Bengio and H. Wallach and H. Larochelle and K. Grauman and N. Cesa-Bianchi and R. Garnett},
pages = {5092--5102},
year = {2018},
publisher = {Curran Associates, Inc.}}
}

@article{JaiWuAbdNat19,
  author    = {Ayush Jaiswal and
               Rex Yue Wu and
               Wael AbdAlmageed and
               Premkumar Natarajan},
  title     = {Unified Adversarial Invariance},
  journal   = {CoRR},
  volume    = {abs/1905.03629},
  year      = {2019}
}

@incollection{WicPanTri19,
title = {Unlocking Fairness: a Trade-off Revisited},
author = {Wick, Michael and Panda, Swetasudha and Tristan, Jean-Baptiste},
booktitle = {Advances in Neural Information Processing Systems 32},
editor = {H. Wallach and H. Larochelle and A. Beygelzimer and F. dAlch\'{e}-Buc and E. Fox and R. Garnett},
pages = {8783--8792},
year = {2019},
publisher = {Curran Associates, Inc.}
}

@article{SagRagKohLia20,
  author    = {Shiori Sagawa and
               Aditi Raghunathan and
               Pang Wei Koh and
               Percy Liang},
  title     = {An Investigation of Why Overparameterization Exacerbates Spurious
               Correlations},
  journal   = {CoRR},
  volume    = {abs/2005.04345},
  year      = {2020}
}

@inproceedings{RagBarKleLev20,
  author    = {Manish Raghavan and
               Solon Barocas and
               Jon M. Kleinberg and
               Karen Levy},
  editor    = {Mireille Hildebrandt and
               Carlos Castillo and
               Elisa Celis and
               Salvatore Ruggieri and
               Linnet Taylor and
               Gabriela Zanfir{-}Fortuna},
  title     = {Mitigating bias in algorithmic hiring: evaluating claims and practices},
  booktitle = {FAT* '20: Conference on Fairness, Accountability, and Transparency,
               Barcelona, Spain, January 27-30, 2020},
  pages     = {469--481},
  publisher = {{ACM}},
  year      = {2020}
}

@article{HurAde17,
  author    = {Mikella Hurley and Julius Adebayo},
  title     = {Credit scoring in the era of big data},
  journal   = {Yale Journal of Law and Technology},
  volume    = {18},
  pages = {148--216},
  year      = {2017}
}

@inproceedings{HarPriSre16,
title = {Equality of Opportunity in Supervised Learning},
author = {Hardt, Moritz and Price, Eric and Srebro, Nati},
booktitle = {Advances in Neural Information Processing Systems 29},
editor = {D. D. Lee and M. Sugiyama and U. V. Luxburg and I. Guyon and R. Garnett},
pages = {3315--3323},
year = {2016},
publisher = {Curran Associates, Inc.}
}

@inproceedings{ZafValRodGum17b,
  author    = {Muhammad Bilal Zafar and
               Isabel Valera and
               Manuel Gomez{-}Rodriguez and
               Krishna P. Gummadi},
  title     = {Fairness Beyond Disparate Treatment {\&} Disparate Impact: Learning
               Classification without Disparate Mistreatment},
  booktitle = {Proceedings of the 26th International Conference on World Wide Web,
               {WWW} 2017, Perth, Australia, April 3-7, 2017},
  pages     = {1171--1180},
  year      = {2017}
}

@article{Hendricks05,
  author    = {Jon Hendricks},
  title     = {Ageism: Looking across the margin in the new millennium},
  journal   = {Generations},
  volume    = {3},
  pages = {5--7},
  year      = {2005}
}

@article{AbuGroSimCareatal19,
  author    = {Ola Abualghaib and Nora Groce and Natalie Simeu and Mark Carew and Daniel Mont},
  title     = {Making visible the invisible: Why disability-disaggregated data is vital to ``leave non-one behind''},
  journal   = {Sustainability},
  volume    = {11},
  year      = {2019}
}

@book{Perez19,
  author    = {Caroline Criado Perez}, 
  title     = {Invisible women: Exposing data bias in a world designed for men},
  publisher = {Chatto \& Windus},
  year      = 2019
}

@article{HigAmoPfaRacetal18,
  author    = {Irina Higgins and
               David Amos and
               David Pfau and
               S{\'{e}}bastien Racani{\`{e}}re and
               Lo{\"{\i}}c Matthey and
               Danilo J. Rezende and
               Alexander Lerchner},
  title     = {Towards a Definition of Disentangled Representations},
  journal   = {CoRR},
  volume    = {abs/1812.02230},
  year      = {2018}
}

@inproceedings{LacBauLucGeletal19,
  title={Challenging common assumptions in the unsupervised learning of disentangled representations},
  author={Locatello, Francesco and Bauer, Stefan and Lucic, Mario and Gelly, Sylvain and Sch{\"o}lkopf, Bernhard and Bachem, Olivier},
  booktitle={International Conference on Machine Learning (ICML)},
  year={2019}
}

@article{KleMulRag16,
  title={Inherent trade-offs in the fair determination of risk scores},
  author={Kleinberg, Jon and Mullainathan, Sendhil and Raghavan, Manish},
  journal={arXiv preprint arXiv:1609.05807},
  year={2016}
}

@article{chouldechova17,
  title={Fair prediction with disparate impact: A study of bias in recidivism prediction instruments},
  author={Chouldechova, Alexandra},
  journal={Big data},
  volume={5},
  number={2},
  pages={153--163},
  year={2017},
  publisher={Mary Ann Liebert, Inc. 140 Huguenot Street, 3rd Floor New Rochelle, NY 10801 USA}
}

@inproceedings{YagStrRosLin11,
  author    = {Jay Yagnik and
               Dennis Strelow and
               David A. Ross and
               Ruei{-}Sung Lin},
  editor    = {Dimitris N. Metaxas and
               Long Quan and
               Alberto Sanfeliu and
               Luc Van Gool},
  title     = {The power of comparative reasoning},
  booktitle = {{IEEE} International Conference on Computer Vision, {ICCV} 2011, Barcelona,
               Spain, November 6-13, 2011},
  pages     = {2431--2438},
  publisher = {{IEEE} Computer Society},
  year      = {2011}
}

@inproceedings{DeaRuzSegShletal13,
  author    = {Thomas L. Dean and
               Mark A. Ruzon and
               Mark Segal and
               Jonathon Shlens and
               Sudheendra Vijayanarasimhan and
               Jay Yagnik},
  title     = {Fast, Accurate Detection of 100, 000 Object Classes on a Single Machine},
  booktitle = {2013 {IEEE} Conference on Computer Vision and Pattern Recognition,
               Portland, OR, USA, June 23-28, 2013},
  pages     = {1814--1821},
  publisher = {{IEEE} Computer Society},
  year      = {2013}
}

@inproceedings{HanRebEhrVedetal20,
  author    = {Kai Han and
               Sylvestre{-}Alvise Rebuffi and
               S{\'{e}}bastien Ehrhardt and
               Andrea Vedaldi and
               Andrew Zisserman},
  title     = {Automatically Discovering and Learning New Visual Categories with
               Ranking Statistics},
  booktitle = {8th International Conference on Learning Representations, {ICLR} 2020,
               Addis Ababa, Ethiopia, April 26-30, 2020},
  publisher = {OpenReview.net},
  year      = {2020},
  url       = {https://openreview.net/forum?id=BJl2\_nVFPB},
  timestamp = {Thu, 07 May 2020 17:11:47 +0200},
  biburl    = {https://dblp.org/rec/conf/iclr/HanREVZ20.bib},
  bibsource = {dblp computer science bibliography, https://dblp.org}
}

@inproceedings{KanRotZia19,
  author    = {Sampath Kannan and
               Aaron Roth and
               Juba Ziani},
  title     = {Downstream Effects of Affirmative Action},
  booktitle = {Proceedings of the Conference on Fairness, Accountability, and Transparency,
               FAT* 2019, Atlanta, GA, USA, January 29-31, 2019},
  pages     = {240--248},
  publisher = {{ACM}},
  year      = {2019},
  url       = {https://doi.org/10.1145/3287560.3287578},
  doi       = {10.1145/3287560.3287578},
  timestamp = {Tue, 08 Oct 2019 14:34:25 +0200},
  biburl    = {https://dblp.org/rec/conf/fat/KannanRZ19.bib},
  bibsource = {dblp computer science bibliography, https://dblp.org}
}

@inproceedings{FourIslKeyPan20,
  author    = {James R. Foulds and
               Rashidul Islam and
               Kamrun Naher Keya and
               Shimei Pan},
  editor    = {Carlotta Demeniconi and
               Nitesh V. Chawla},
  title     = {Bayesian Modeling of Intersectional Fairness: The Variance of Bias},
  booktitle = {Proceedings of the 2020 {SIAM} International Conference on Data Mining,
               {SDM} 2020, Cincinnati, Ohio, USA, May 7-9, 2020 [the conference was
               canceled because of the coronavirus pandemic, the reviewed papers
               are published in this volume]},
  pages     = {424--432},
  publisher = {{SIAM}},
  year      = {2020}
}

@incollection{ChaSchZie06,
  author    = {Olivier Chapelle and
               Bernhard Sch{\"{o}}lkopf and
               Alexander Zien},
  editor    = {Olivier Chapelle and
               Bernhard Sch{\"{o}}lkopf and
               Alexander Zien},
  title     = {Introduction to Semi-Supervised Learning},
  booktitle = {Semi-Supervised Learning},
  pages     = {1--12},
  publisher = {The {MIT} Press},
  year      = {2006}
}

@book{BarHarNar19,
  title = {Fairness and Machine Learning},
  author = {Solon Barocas and Moritz Hardt and Arvind Narayanan},
  publisher = {fairmlbook.org},
  note = {\url{http://www.fairmlbook.org}},
  year = {2019}
}

@conference{SutMilSchBau19,
  title = {Robustly Disentangled Causal Mechanisms: Validating Deep Representations for Interventional Robustness},
  author = {Suter, R. and Miladinovic, D. and Sch{\"o}lkopf, B. and Bauer, S.},
  booktitle = {Proceedings of the 36th International Conference on Machine Learning (ICML)},
  volume = {97},
  pages = {6056--6065},
  series = {Proceedings of Machine Learning Research},
  editors = {Chaudhuri, Kamalika and Salakhutdinov, Ruslan},
  publisher = {PMLR},
  year = {2019}
}

@misc{Dua:2017,
author = "Dheeru, Dua and Karra Taniskidou, Efi",
year = "2017",
title = "{UCI} Machine Learning Repository",
url = "http://archive.ics.uci.edu/ml",
}

@inproceedings{ZemeWuSwePitetal13,
 author = {Zemel, Richard and Wu, Yu and Swersky, Kevin and Pitassi, Toniann and Dwork, Cynthia},
 title = {Learning Fair Representations},
 booktitle = {International Conference on Machine Learning (ICML)},
 series = {Proceedings of Machine Learning Research},
 year = {2013},
 editor = {S. Dasgupta and D. McAllester},
 pages = {325--333},
 publisher =   {PMLR}
}

@inproceedings{liu2015celeba,
 author = {Ziwei Liu and Ping Luo and Xiaogang Wang and Xiaoou Tang},
 title = {Deep Learning Face Attributes in the Wild},
 booktitle = {Proceedings of International Conference on Computer Vision (ICCV)},
 year = {2015} 
}

@inproceedings{kim2019learning,
  title={Learning not to learn: Training deep neural networks with biased data},
  author={Kim, Byungju and Kim, Hyunwoo and Kim, Kyungsu and Kim, Sungjin and Kim, Junmo},
  booktitle={IEEE Conference on Computer Vision and Pattern Recognition (CVPR)},
  year={2019}
}

@inproceedings{lampert2009,
  title={Learning to detect unseen object classes by between-class attribute transfer},
  author={Lampert, Christoph H and Nickisch, Hannes and Harmeling, Stefan},
  booktitle={2009 IEEE Conference on Computer Vision and Pattern Recognition},
  year={2009},
}

@article{xian2018zero,
  title={Zero-shot learning—A comprehensive evaluation of the good, the bad and the ugly},
  author={Xian, Yongqin and Lampert, Christoph H and Schiele, Bernt and Akata, Zeynep},
  journal={IEEE Transactions on Pattern Analysis and Machine Intelligence},
  volume={41},
  number={9},
  pages={2251--2265},
  year={2018},
}

@inproceedings{bucher2019,
title = {Zero-Shot Semantic Segmentation},
author = {Bucher, Maxime and Vu,Tuan-Hung and Cord, Matthieu and Pérez,Patrick},
booktitle = {Advances in Neural Information Processing Systems},
year = {2019}
}

@inproceedings{larochelle2008,
  title={Zero-data learning of new tasks.},
  author={Larochelle, Hugo and Erhan, Dumitru and Bengio, Yoshua},
  booktitle = {Association for the Advancement of Artificial Intelligence (AAAI)},
  year={2008}
}

@article{akata2015,
  title={Label-embedding for image classification},
  author={Akata, Zeynep and Perronnin, Florent and Harchaoui, Zaid and Schmid, Cordelia},
  journal={IEEE transactions on pattern analysis and machine intelligence},
  volume={38},
  number={7},
  pages={1425--1438},
  year={2015},
  publisher={IEEE}
}

@inproceedings{akata2015evaluation,
  title={Evaluation of output embeddings for fine-grained image classification},
  author={Akata, Zeynep and Reed, Scott and Walter, Daniel and Lee, Honglak and Schiele, Bernt},
  booktitle={Proceedings of the IEEE Conference on Computer Vision and Pattern Recognition},
  pages={2927--2936},
  year={2015}
}

@inproceedings{xian2018feature,
  title={Feature generating networks for zero-shot learning},
  author={Xian, Yongqin and Lorenz, Tobias and Schiele, Bernt and Akata, Zeynep},
  booktitle={Proceedings of the IEEE conference on computer vision and pattern recognition},
  pages={5542--5551},
  year={2018}
}

@inproceedings{kumar2018generalized,
  title={Generalized zero-shot learning via synthesized examples},
  author={Kumar Verma, Vinay and Arora, Gundeep and Mishra, Ashish and Rai, Piyush},
  booktitle={Proceedings of the IEEE conference on computer vision and pattern recognition},
  pages={4281--4289},
  year={2018}
}

@inproceedings{schonfeld2019generalized,
  title={Generalized zero-and few-shot learning via aligned variational autoencoders},
  author={Schonfeld, Edgar and Ebrahimi, Sayna and Sinha, Samarth and Darrell, Trevor and Akata, Zeynep},
  booktitle={Proceedings of the IEEE Conference on Computer Vision and Pattern Recognition},
  pages={8247--8255},
  year={2019}
}

@article{FriSchVen16,
  author    = {Sorelle A. Friedler and
               Carlos Scheidegger and
               Suresh Venkatasubramanian},
  title     = {On the (im)possibility of fairness},
  journal   = {CoRR},
  volume    = {abs/1609.07236},
  year      = {2016}
}

@inproceedings{GooAbaMirXuetal14,
  author    = {Ian J. Goodfellow and
               Jean Pouget{-}Abadie and
               Mehdi Mirza and
               Bing Xu and
               David Warde{-}Farley and
               Sherjil Ozair and
               Aaron C. Courville and
               Yoshua Bengio},
  editor    = {Zoubin Ghahramani and
               Max Welling and
               Corinna Cortes and
               Neil D. Lawrence and
               Kilian Q. Weinberger},
  title     = {Generative Adversarial Nets},
  booktitle = {Advances in Neural Information Processing Systems 27: Annual Conference
               on Neural Information Processing Systems 2014, December 8-13 2014,
               Montreal, Quebec, Canada},
  pages     = {2672--2680},
  year      = {2014}
}

@inproceedings{KehBarThoQua20,
  author    = {Kehrenberg, Thomas and 
               Bartlett, Myles Scott and 
               Thomas, Oliver and 
               Quadrianto, Novi},
  title     = {Null-sampling for Interpretable and Fair Representations},
  year      = {2020},
  isbn      = {9783030586041},
  publisher = {Springer International Publishing},
  doi       = {10.1007/978-3-030-58604-1},
  booktitle = {Computer Vision – ECCV 2020},
  numpages  = {779},
  location  = {Glasgow, UK}
}

@inproceedings{vaswani2017attention,
  title={Attention is all you need},
  author={Vaswani, Ashish and Shazeer, Noam and Parmar, Niki and Uszkoreit, Jakob and Jones, Llion and Gomez, Aidan N and Kaiser, {\L}ukasz and Polosukhin, Illia},
  booktitle={Advances in neural information processing systems},
  pages={5998--6008},
  year={2017}
}

@article{agrawal2020debiasing,
  title={Debiasing classifiers: is reality at variance with expectation?},
  author={Agrawal, Ashrya and Pfisterer, Florian and Bischl, Bernd and Chen, Jiahao and Sood, Srijan and Shah, Sameena and Buet-Golfouse, Francois and Mateen, Bilal A and Vollmer, Sebastian},
  journal={arXiv preprint arXiv:2011.02407},
  year={2020}
}

@article{renyi1959measures,
  title={On measures of dependence},
  author={R{\'e}nyi, Alfr{\'e}d},
  journal={Acta Mathematica Academiae Scientiarum Hungarica},
  volume={10},
  number={3-4},
  pages={441--451},
  year={1959},
  publisher={Springer}
}

@article{DunYiLanReetal19,
  title={Assessment of convolutional neural networks for automated classification of chest radiographs},
  author={Jared A Dunnmon and Darvin Yi and Curtis P Langlotz and Christopher R\'e and Daniel L Rubin and Matthew P Lungren},
  journal={Radiology},
  volume={290},
  number={2},
  pages={537--544},
  year={2019}
}

@inproceedings{KalZho18,
  author    = {Nathan Kallus and
               Angela Zhou},
  editor    = {Jennifer G. Dy and
               Andreas Krause},
  title     = {Residual Unfairness in Fair Machine Learning from Prejudiced Data},
  booktitle = {Proceedings of the 35th International Conference on Machine Learning,
               {ICML} 2018, Stockholmsm{\"{a}}ssan, Stockholm, Sweden, July
               10-15, 2018},
  series    = {Proceedings of Machine Learning Research},
  volume    = {80},
  pages     = {2444--2453},
  publisher = {{PMLR}},
  year      = {2018}
}

@inproceedings{SohDunAngGuetal20,
  author    = {Nimit Sharad Sohoni and
               Jared Dunnmon and
               Geoffrey Angus and
               Albert Gu and
               Christopher R{\'{e}}},
  editor    = {Hugo Larochelle and
               Marc'Aurelio Ranzato and
               Raia Hadsell and
               Maria{-}Florina Balcan and
               Hsuan{-}Tien Lin},
  title     = {No Subclass Left Behind: Fine-Grained Robustness in Coarse-Grained
               Classification Problems},
  booktitle = {Advances in Neural Information Processing Systems 33: Annual Conference
               on Neural Information Processing Systems 2020, NeurIPS 2020, December
               6-12, 2020, virtual},
  year      = {2020}
}

@inproceedings{RayDunCarRe20,
  author    = {Luke Oakden{-}Rayner and
               Jared Dunnmon and
               Gustavo Carneiro and
               Christopher R{\'{e}}},
  editor    = {Marzyeh Ghassemi},
  title     = {Hidden stratification causes clinically meaningful failures in machine
               learning for medical imaging},
  booktitle = {{ACM} {CHIL} '20: {ACM} Conference on Health, Inference, and Learning,
               Toronto, Ontario, Canada, April 2-4, 2020 [delayed]},
  pages     = {151--159},
  publisher = {{ACM}},
  year      = {2020}
}

@inproceedings{NamChaAhnLeeetal20,
  author    = {Jun Hyun Nam and
               Hyuntak Cha and
               Sungsoo Ahn and
               Jaeho Lee and
               Jinwoo Shin},
  editor    = {Hugo Larochelle and
               Marc'Aurelio Ranzato and
               Raia Hadsell and
               Maria{-}Florina Balcan and
               Hsuan{-}Tien Lin},
  title     = {Learning from Failure: De-biasing Classifier from Biased Classifier},
  booktitle = {Advances in Neural Information Processing Systems 33: Annual Conference
               on Neural Information Processing Systems 2020, NeurIPS 2020, December
               6-12, 2020, virtual},
  year      = {2020}
}

@inproceedings{GanVanGeoProetal20,
  author    = {Wouter Van Gansbeke and
               Simon Vandenhende and
               Stamatios Georgoulis and
               Marc Proesmans and
               Luc Van Gool},
  editor    = {Andrea Vedaldi and
               Horst Bischof and
               Thomas Brox and
               Jan{-}Michael Frahm},
  title     = {{SCAN:} Learning to Classify Images Without Labels},
  booktitle = {Computer Vision - {ECCV} 2020 - 16th European Conference, Glasgow,
               UK, August 23-28, 2020, Proceedings, Part {X}},
  series    = {Lecture Notes in Computer Science},
  volume    = {12355},
  pages     = {268--285},
  publisher = {Springer},
  year      = {2020}
}

@article{bengio2013estimating,
  title={Estimating or propagating gradients through stochastic neurons for conditional computation},
  author={Bengio, Yoshua and L{\'e}onard, Nicholas and Courville, Aaron},
  journal={arXiv preprint arXiv:1308.3432},
  year={2013}
}

@article{chazal2013persistence,
author = {Chazal, Fr\'{e}d\'{e}ric and Guibas, Leonidas J. and Oudot, Steve Y. and Skraba, Primoz},
title = {Persistence-Based Clustering in Riemannian Manifolds},
year = {2013},
issue_date = {November 2013},
publisher = {Association for Computing Machinery},
address = {New York, NY, USA},
volume = {60},
number = {6},
doi = {10.1145/2535927},
journal = {J. ACM},
articleno = {41},
numpages = {38}
}

@article{hamerly2004learning,
  title={Learning the k in k-means},
  author={Hamerly, Greg and Elkan, Charles},
  journal={Advances in Neural Information Processing Systems},
  volume={16},
  pages={281--288},
  year={2004},
  publisher={MIT Press}
}
