% --- Domain Generalisation ---
@inproceedings{krueger2021out,
  title={Out-of-distribution generalization via risk extrapolation (rex)},
  author={Krueger, David and Caballero, Ethan and Jacobsen, Joern-Henrik and Zhang, Amy and Binas, Jonathan and Zhang, Dinghuai and Le Priol, Remi and Courville, Aaron},
  booktitle={International Conference on Machine Learning},
  pages={5815--5826},
  year={2021},
  organization={PMLR}
}

@inproceedings{mahajan2021domain,
  title={Domain generalization using causal matching},
  author={Mahajan, Divyat and Tople, Shruti and Sharma, Amit},
  booktitle={International Conference on Machine Learning},
  pages={7313--7324},
  year={2021},
  organization={PMLR}
}

@inproceedings{gulrajani2020search,
  title={In Search of Lost Domain Generalization},
  author={Gulrajani, Ishaan and Lopez-Paz, David},
  booktitle={International Conference on Learning Representations},
  year={2020}
}
@article{arjovskyinvariant,
  title={Invariant Risk Minimization},
  author={Arjovsky, Martin and Bottou, L{\'e}on and Gulrajani, Ishaan and Lopez-Paz, David}
}

@inproceedings{ahuja2020invariant,
  title={Invariant risk minimization games},
  author={Ahuja, Kartik and Shanmugam, Karthikeyan and Varshney, Kush and Dhurandhar, Amit},
  booktitle={International Conference on Machine Learning},
  pages={145--155},
  year={2020},
  organization={PMLR}
}

@inproceedings{weber2022certifying,
  title={Certifying out-of-domain generalization for blackbox functions},
  author={Weber, Maurice G and Li, Linyi and Wang, Boxin and Zhao, Zhikuan and Li, Bo and Zhang, Ce},
  booktitle={International Conference on Machine Learning},
  pages={23527--23548},
  year={2022},
  organization={PMLR}
}

@inproceedings{rosenfeld2020risks,
  title={The Risks of Invariant Risk Minimization},
  author={Rosenfeld, Elan and Ravikumar, Pradeep Kumar and Risteski, Andrej},
  booktitle={International Conference on Learning Representations},
  year={2020}
}

@article{albadawy2018deep,
  title={Deep learning for segmentation of brain tumors: Impact of cross-institutional training and testing},
  author={AlBadawy, Ehab A and Saha, Ashirbani and Mazurowski, Maciej A},
  journal={Medical physics},
  volume={45},
  number={3},
  pages={1150--1158},
  year={2018},
  publisher={Wiley Online Library}
}


@inproceedings{creager2021environment,
  title={Environment inference for invariant learning},
  author={Creager, Elliot and Jacobsen, J{\"o}rn-Henrik and Zemel, Richard},
  booktitle={International Conference on Machine Learning},
  pages={2189--2200},
  year={2021},
  organization={PMLR}
}

@article{sagawa2019distributionally,
  title={Distributionally robust neural networks for group shifts: On the importance of regularization for worst-case generalization},
  author={Sagawa, Shiori and Koh, Pang Wei and Hashimoto, Tatsunori B and Liang, Percy},
  journal={arXiv preprint arXiv:1911.08731},
  year={2019}
}

@article{shen2021towards,
  title={Towards out-of-distribution generalization: A survey},
  author={Shen, Zheyan and Liu, Jiashuo and He, Yue and Zhang, Xingxuan and Xu, Renzhe and Yu, Han and Cui, Peng},
  journal={arXiv preprint arXiv:2108.13624},
  year={2021}
}

@article{scholkopf2021toward,
  title={Toward causal representation learning},
  author={Sch{\"o}lkopf, Bernhard and Locatello, Francesco and Bauer, Stefan and Ke, Nan Rosemary and Kalchbrenner, Nal and Goyal, Anirudh and Bengio, Yoshua},
  journal={Proceedings of the IEEE},
  volume={109},
  number={5},
  pages={612--634},
  year={2021},
  publisher={IEEE}
}

@article{lin2022zin,
  title={ZIN: When and How to Learn Invariance by Environment Inference?},
  author={Lin, Yong and Zhu, Shengyu and Cui, Peng},
  journal={arXiv preprint arXiv:2203.05818},
  year={2022}
}

-- Shorcut learning/spurious correlations
@inproceedings{dai2018dark,
  title={Dark model adaptation: Semantic image segmentation from daytime to nighttime},
  author={Dai, Dengxin and Van Gool, Luc},
  booktitle={2018 21st International Conference on Intelligent Transportation Systems (ITSC)},
  pages={3819--3824},
  year={2018},
  organization={IEEE}
}

@inproceedings{beery2018recognition,
  title={Recognition in terra incognita},
  author={Beery, Sara and Van Horn, Grant and Perona, Pietro},
  booktitle={Proceedings of the European conference on computer vision (ECCV)},
  pages={456--473},
  year={2018}
}


@inproceedings{volk2019towards,
  title={Towards robust CNN-based object detection through augmentation with synthetic rain variations},
  author={Volk, Georg and M{\"u}ller, Stefan and Von Bernuth, Alexander and Hospach, Dennis and Bringmann, Oliver},
  booktitle={2019 IEEE Intelligent Transportation Systems Conference (ITSC)},
  pages={285--292},
  year={2019},
  organization={IEEE}
}

@inproceedings{alcorn2019strike,
  title={Strike (with) a pose: Neural networks are easily fooled by strange poses of familiar objects},
  author={Alcorn, Michael A and Li, Qi and Gong, Zhitao and Wang, Chengfei and Mai, Long and Ku, Wei-Shinn and Nguyen, Anh},
  booktitle={Proceedings of the IEEE/CVF Conference on Computer Vision and Pattern Recognition},
  pages={4845--4854},
  year={2019}
}

@inproceedings{geirhos2018imagenet,
  title={ImageNet-trained CNNs are biased towards texture; increasing shape bias improves accuracy and robustness},
  author={Geirhos, Robert and Rubisch, Patricia and Michaelis, Claudio and Bethge, Matthias and Wichmann, Felix A and Brendel, Wieland},
  booktitle={International Conference on Learning Representations},
  year={2018}
}

@inproceedings{scholkopf2012causal,
  title={On causal and anticausal learning},
  author={Sch{\"o}lkopf, B and Janzing, D and Peters, J and Sgouritsa, E and Zhang, K and Mooij, J},
  booktitle={29th International Conference on Machine Learning (ICML 2012)},
  pages={1255--1262},
  year={2012},
  organization={International Machine Learning Society}
}

@article{shah2020pitfalls,
  title={The pitfalls of simplicity bias in neural networks},
  author={Shah, Harshay and Tamuly, Kaustav and Raghunathan, Aditi and Jain, Prateek and Netrapalli, Praneeth},
  journal={Advances in Neural Information Processing Systems},
  volume={33},
  pages={9573--9585},
  year={2020}
}

@article{pezeshki2021gradient,
  title={Gradient starvation: A learning proclivity in neural networks},
  author={Pezeshki, Mohammad and Kaba, Oumar and Bengio, Yoshua and Courville, Aaron C and Precup, Doina and Lajoie, Guillaume},
  journal={Advances in Neural Information Processing Systems},
  volume={34},
  pages={1256--1272},
  year={2021}
}

@article{geirhos2020shortcut,
  title={Shortcut learning in deep neural networks},
  author={Geirhos, Robert and Jacobsen, J{\"o}rn-Henrik and Michaelis, Claudio and Zemel, Richard and Brendel, Wieland and Bethge, Matthias and Wichmann, Felix A},
  journal={Nature Machine Intelligence},
  volume={2},
  number={11},
  pages={665--673},
  year={2020},
  publisher={Nature Publishing Group}
}

  @article{scimeca2021shortcut,
  title={Which shortcut cues will dnns choose? a study from the parameter-space perspective},
  author={Scimeca, Luca and Oh, Seong Joon and Chun, Sanghyuk and Poli, Michael and Yun, Sangdoo},
  journal={arXiv preprint arXiv:2110.03095},
  year={2021}
}

@article{cadene2019rubi,
  title={Rubi: Reducing unimodal biases for visual question answering},
  author={Cadene, Remi and Dancette, Corentin and Cord, Matthieu and Parikh, Devi and others},
  journal={Advances in neural information processing systems},
  volume={32},
  year={2019}
}

@article{valle2018deep,
  title={Deep learning generalizes because the parameter-function map is biased towards simple functions},
  author={Valle-Perez, Guillermo and Camargo, Chico Q and Louis, Ard A},
  journal={arXiv preprint arXiv:1805.08522},
  year={2018}
}

@article{de2019causal,
  title={Causal confusion in imitation learning},
  author={De Haan, Pim and Jayaraman, Dinesh and Levine, Sergey},
  journal={Advances in Neural Information Processing Systems},
  volume={32},
  year={2019}
}

@article{cadene2019rubi,
  title={Rubi: Reducing unimodal biases for visual question answering},
  author={Cadene, Remi and Dancette, Corentin and Cord, Matthieu and Parikh, Devi and others},
  journal={Advances in neural information processing systems},
  volume={32},
  year={2019}
}

@article{allen2020towards,
  title={Towards understanding ensemble, knowledge distillation and self-distillation in deep learning},
  author={Allen-Zhu, Zeyuan and Li, Yuanzhi},
  journal={arXiv preprint arXiv:2012.09816},
  year={2020}
}

% -- Underspecification --
@article{semenova2019study,
  title={A study in Rashomon curves and volumes: A new perspective on generalization and model simplicity in machine learning},
  author={Semenova, Lesia and Rudin, Cynthia and Parr, Ronald},
  journal={arXiv preprint arXiv:1908.01755},
  year={2019}
}

@article{breiman2001statistical,
  title={Statistical modeling: The two cultures (with comments and a rejoinder by the author)},
  author={Breiman, Leo},
  journal={Statistical science},
  volume={16},
  number={3},
  pages={199--231},
  year={2001},
  publisher={Institute of Mathematical Statistics}
}

@article{d2020underspecification,
  title={Underspecification presents challenges for credibility in modern machine learning},
  author={D'Amour, Alexander and Heller, Katherine and Moldovan, Dan and Adlam, Ben and Alipanahi, Babak and Beutel, Alex and Chen, Christina and Deaton, Jonathan and Eisenstein, Jacob and Hoffman, Matthew D and others},
  journal={arXiv preprint arXiv:2011.03395},
  year={2020}
}

@inproceedings{lee2022diversify,
  title={Diversify and Disambiguate: Learning from Underspecified Data},
  author={Lee, Yoonho and Yao, Huaxiu and Finn, Chelsea},
  booktitle={ICML 2022: Workshop on Spurious Correlations, Invariance and Stability}
}

% -- Fairness --
@article{mehrabi2021survey,
  title={A survey on bias and fairness in machine learning},
  author={Mehrabi, Ninareh and Morstatter, Fred and Saxena, Nripsuta and Lerman, Kristina and Galstyan, Aram},
  journal={ACM Computing Surveys (CSUR)},
  volume={54},
  number={6},
  pages={1--35},
  year={2021},
  publisher={ACM New York, NY, USA}
}

@article{donini2018empirical,
  title={Empirical risk minimization under fairness constraints},
  author={Donini, Michele and Oneto, Luca and Ben-David, Shai and Shawe-Taylor, John S and Pontil, Massimiliano},
  journal={Advances in Neural Information Processing Systems},
  volume={31},
  year={2018}
}

@article{edwards2015censoring,
  title={Censoring representations with an adversary},
  author={Edwards, Harrison and Storkey, Amos},
  journal={arXiv preprint arXiv:1511.05897},
  year={2015}
}

@inproceedings{madras2018learning,
title={Learning adversarially fair and transferable representations},
author={Madras, David and Creager, Elliot and Pitassi, Toniann and Zemel, Richard},
booktitle={International Conference on Machine Learning},
pages={3384--3393},
year={2018},
organization={PMLR}
}

@inproceedings{hashimoto2018fairness,
  title={Fairness without demographics in repeated loss minimization},
  author={Hashimoto, Tatsunori and Srivastava, Megha and Namkoong, Hongseok and Liang, Percy},
  booktitle={International Conference on Machine Learning},
  pages={1929--1938},
  year={2018},
  organization={PMLR}
}

@article{lahoti2020fairness,
  title={Fairness without demographics through adversarially reweighted learning},
  author={Lahoti, Preethi and Beutel, Alex and Chen, Jilin and Lee, Kang and Prost, Flavien and Thain, Nithum and Wang, Xuezhi and Chi, Ed},
  journal={Advances in neural information processing systems},
  volume={33},
  pages={728--740},
  year={2020}
}
@article{schrouff2022diagnosing,
  title={Diagnosing failures of fairness transfer across distribution shift in real-world medical settings},
  author={Schrouff, Jessica and Harris, Natalie and Koyejo, Oluwasanmi and Alabdulmohsin, Ibrahim and Schnider, Eva and Opsahl-Ong, Krista and Brown, Alex and Roy, Subhrajit and Mincu, Diana and Chen, Christina and others}
}

@article{schrouff2022maintaining,
  title={Maintaining fairness across distribution shift: do we have viable solutions for real-world applications?},
  author={Schrouff, Jessica and Harris, Natalie and Koyejo, Oluwasanmi and Alabdulmohsin, Ibrahim and Schnider, Eva and Opsahl-Ong, Krista and Brown, Alex and Roy, Subhrajit and Mincu, Diana and Chen, Christina and others},
  journal={arXiv preprint arXiv:2202.01034},
  year={2022}
}

@inproceedings{slack2020fairness,
  title={Fairness warnings and Fair-MAML: learning fairly with minimal data},
  author={Slack, Dylan and Friedler, Sorelle A and Givental, Emile},
  booktitle={Proceedings of the 2020 Conference on Fairness, Accountability, and Transparency},
  pages={200--209},
  year={2020}
}

@inproceedings{singh2021fairness,
  title={Fairness violations and mitigation under covariate shift},
  author={Singh, Harvineet and Singh, Rina and Mhasawade, Vishwali and Chunara, Rumi},
  booktitle={Proceedings of the 2021 ACM Conference on Fairness, Accountability, and Transparency},
  pages={3--13},
  year={2021}
}

@inproceedings{wang2019balanced,
  title={Balanced datasets are not enough: Estimating and mitigating gender bias in deep image representations},
  author={Wang, Tianlu and Zhao, Jieyu and Yatskar, Mark and Chang, Kai-Wei and Ordonez, Vicente},
  booktitle={Proceedings of the IEEE/CVF International Conference on Computer Vision},
  pages={5310--5319},
  year={2019}
}

% -- i.i.d learning theory/traditional supervised learning --
@article{vogel2020weighted,
  title={Weighted empirical risk minimization: Sample selection bias correction based on importance sampling},
  author={Vogel, Robin and Achab, Mastane and Cl{\'e}men{\c{c}}on, St{\'e}phan and Tillier, Charles},
  journal={arXiv preprint arXiv:2002.05145},
  year={2020}
}
@inproceedings{wang2021importance,
title={Is Importance Weighting Incompatible with Interpolating Classifiers?},
author={Wang, Ke Alexander and Chatterji, Niladri Shekhar and Haque, Saminul and Hashimoto, Tatsunori},
booktitle={International Conference on Learning Representations},
year={2021}
}
@article{zhai2022understanding,
title={Understanding Why Generalized Reweighting Does Not Improve Over ERM},
author={Zhai, Runtian and Dan, Chen and Kolter, Zico and Ravikumar, Pradeep},
journal={arXiv e-prints},
pages={arXiv--2201},
year={2022}
}
@inproceedings{idrissi2022simple,
  title={Simple data balancing achieves competitive worst-group-accuracy},
  author={Idrissi, Badr Youbi and Arjovsky, Martin and Pezeshki, Mohammad and Lopez-Paz, David},
  booktitle={Conference on Causal Learning and Reasoning},
  pages={336--351},
  year={2022},
  organization={PMLR}
}

@article{vapnik1991principles,
  title={Principles of risk minimization for learning theory},
  author={Vapnik, Vladimir},
  journal={Advances in neural information processing systems},
  volume={4},
  year={1991}
}
@inproceedings{muandet2013domain,
  title={Domain generalization via invariant feature representation},
  author={Muandet, Krikamol and Balduzzi, David and Sch{\"o}lkopf, Bernhard},
  booktitle={International Conference on Machine Learning},
  pages={10--18},
  year={2013},
  organization={PMLR}
}

@article{duchi2016statistics,
  title={Statistics of robust optimization: A generalized empirical likelihood approach},
  author={Duchi, John and Glynn, Peter and Namkoong, Hongseok},
  journal={arXiv preprint arXiv:1610.03425},
  year={2016}
}

@article{moreno2012unifying,
  title={A unifying view on dataset shift in classification},
  author={Moreno-Torres, Jose G and Raeder, Troy and Alaiz-Rodr{\'\i}guez, Roc{\'\i}o and Chawla, Nitesh V and Herrera, Francisco},
  journal={Pattern recognition},
  volume={45},
  number={1},
  pages={521--530},
  year={2012},
  publisher={Elsevier}
}

-- Long-tail learning --
@article{menon2020long,
  title={Long-tail learning via logit adjustment},
  author={Menon, Aditya Krishna and Jayasumana, Sadeep and Rawat, Ankit Singh and Jain, Himanshu and Veit, Andreas and Kumar, Sanjiv},
  journal={arXiv preprint arXiv:2007.07314},
  year={2020}
}

@inproceedings{kubat1997addressing,
  title={Addressing the curse of imbalanced training sets: One-sided selection},
  author={KUBAT, M},
  booktitle={Proceedings of the 14th International Conference on Machine Learning},
  pages={179--186},
  year={1997},
  organization={Morgan Kaufmann}
}

@article{chawla2002smote,
  title={SMOTE: synthetic minority over-sampling technique},
  author={Chawla, Nitesh V and Bowyer, Kevin W and Hall, Lawrence O and Kegelmeyer, W Philip},
  journal={Journal of artificial intelligence research},
  volume={16},
  pages={321--357},
  year={2002}
}

@inproceedings{cardie1997improving,
  title={Improving Minority Class Prediction Using Case-Specific Feature Weights},
  author={Cardie, Claire and Nowe, Nicholas},
  booktitle={Proceedings of the Fourteenth International Conference on Machine Learning},
  pages={57--65},
  year={1997}
}

@inproceedings{fawcett1996combining,
  title={Combining data mining and machine learning for effective user profiling.},
  author={Fawcett, Tom and Provost, Foster J},
  booktitle={KDD},
  volume={96},
  pages={8--13},
  year={1996}
}

@article{shimodaira2000improving,
  title={Improving predictive inference under covariate shift by weighting the log-likelihood function},
  author={Shimodaira, Hidetoshi},
  journal={Journal of statistical planning and inference},
  volume={90},
  number={2},
  pages={227--244},
  year={2000},
  publisher={Elsevier}
}

@inproceedings{byrd2019effect,
  title={What is the effect of importance weighting in deep learning?},
  author={Byrd, Jonathon and Lipton, Zachary},
  booktitle={International conference on machine learning},
  pages={872--881},
  year={2019},
  organization={PMLR}
}



  -- Adversarial Learning
@InProceedings{   goodfellow14generative,
  author        = {Ian J. Goodfellow and Jean Pouget{-}Abadie and Mehdi Mirza and Bing Xu and David
                  Warde{-}Farley and Sherjil Ozair and Aaron C. Courville and Yoshua Bengio},
  booktitle     = {Advances in Neural Information Processing Systems (NIPS)},
  pages         = {2672--2680},
  title         = {Generative Adversarial Nets},
  year          = {2014}
}

@article{oliehoek2017gangs,
  title={GANGs: Generative adversarial network games},
  author={Oliehoek, Frans A and Savani, Rahul and Gallego-Posada, Jose and Van der Pol, Elise and De Jong, Edwin D and Gro{\ss}, Roderich},
  journal={arXiv preprint arXiv:1712.00679},
  year={2017}
}

@inproceedings{
tong2022adversarial,
title={Adversarial Support Alignment},
author={Shangyuan Tong and Timur Garipov and Yang Zhang and Shiyu Chang and Tommi S. Jaakkola},
booktitle={International Conference on Learning Representations},
year={2022},
url={https://openreview.net/forum?id=26gKg6x-ie}
}

# --- NF-fairness literature ---
@article{balunovic2021fair,
  title={Fair normalizing flows},
  author={Balunovi{\'c}, Mislav and Ruoss, Anian and Vechev, Martin},
  journal={arXiv preprint arXiv:2106.05937},
  year={2021}
}

@inproceedings{chen2022scalable,
  title={Scalable Infomin Learning},
  author={Chen, Yanzhi and Sun, Weihao and Li, Yingzhen and Weller, Adrian},
  booktitle={Advances in Neural Information Processing Systems},
  year={2022}
}

@article{cerrato2022fair,
  title={Fair Group-Shared Representations with Normalizing Flows},
  author={Cerrato, Mattia and K{\"o}ppel, Marius and Segner, Alexander and Kramer, Stefan},
  journal={arXiv e-prints},
  pages={arXiv--2201},
  year={2022}
}


  -- Domain Adaptation --
@inproceedings{zhang2013domain,
  title={Domain adaptation under target and conditional shift},
  author={Zhang, Kun and Sch{\"o}lkopf, Bernhard and Muandet, Krikamol and Wang, Zhikun},
  booktitle={International conference on machine learning},
  pages={819--827},
  year={2013},
  organization={PMLR}
}

@inproceedings{ben2006analysis,
 author = {Ben-David, Shai and Blitzer, John and Crammer, Koby and Pereira, Fernando},
 booktitle = {Advances in Neural Information Processing Systems},
 editor = {B. Sch\"{o}lkopf and J. Platt and T. Hoffman},
 pages = {},
 publisher = {MIT Press},
 title = {Analysis of Representations for Domain Adaptation},
 url = {https://proceedings.neurips.cc/paper/2006/file/b1b0432ceafb0ce714426e9114852ac7-Paper.pdf},
 volume = {19},
 year = {2006}
}

@article{ben2010theory,
  title={A theory of learning from different domains},
  author={Ben-David, Shai and Blitzer, John and Crammer, Koby and Kulesza, Alex and Pereira, Fernando and Vaughan, Jennifer Wortman},
  journal={Machine learning},
  volume={79},
  pages={151--175},
  year={2010},
  publisher={Springer}
}

@inproceedings{david2010impossibility,
  title={Impossibility theorems for domain adaptation},
  author={David, Shai Ben and Lu, Tyler and Luu, Teresa and P{\'a}l, D{\'a}vid},
  booktitle={Proceedings of the Thirteenth International Conference on Artificial Intelligence and Statistics},
  pages={129--136},
  year={2010},
  organization={JMLR Workshop and Conference Proceedings}
}

@article{ganin2016domain,
  title={Domain-adversarial training of neural networks},
  author={Ganin, Yaroslav and Ustinova, Evgeniya and Ajakan, Hana and Germain, Pascal and Larochelle, Hugo and Laviolette, Fran{\c{c}}ois and Marchand, Mario and Lempitsky, Victor},
  journal={The journal of machine learning research},
  volume={17},
  number={1},
  pages={2096--2030},
  year={2016},
  publisher={JMLR. org}
}

@article{liang2021pareto,
  title={Pareto domain adaptation},
  author={Liang, Jian and Gong, Kaixiong and Li, Shuang and Liu, Chi Harold and Li, Han and Liu, Di and Wang, Guoren and others},
  journal={Advances in Neural Information Processing Systems},
  volume={34},
  pages={12917--12929},
  year={2021}
}

@inproceedings{lee2019sliced,
  title={Sliced wasserstein discrepancy for unsupervised domain adaptation},
  author={Lee, Chen-Yu and Batra, Tanmay and Baig, Mohammad Haris and Ulbricht, Daniel},
  booktitle={Proceedings of the IEEE/CVF Conference on Computer Vision and Pattern Recognition},
  pages={10285--10295},
  year={2019}
}

@inproceedings{saito2018maximum,
  title={Maximum classifier discrepancy for unsupervised domain adaptation},
  author={Saito, Kuniaki and Watanabe, Kohei and Ushiku, Yoshitaka and Harada, Tatsuya},
  booktitle={Proceedings of the IEEE conference on computer vision and pattern recognition},
  pages={3723--3732},
  year={2018}
}

@inproceedings{zhao2019learning,
  title={On learning invariant representations for domain adaptation},
  author={Zhao, Han and Des Combes, Remi Tachet and Zhang, Kun and Gordon, Geoffrey},
  booktitle={International Conference on Machine Learning},
  pages={7523--7532},
  year={2019},
  organization={PMLR}
}

@article{zhao2018adversarial,
  title={Adversarial multiple source domain adaptation},
  author={Zhao, Han and Zhang, Shanghang and Wu, Guanhang and Moura, Jos{\'e} MF and Costeira, Joao P and Gordon, Geoffrey J},
  journal={Advances in neural information processing systems},
  volume={31},
  pages={8559--8570},
  year={2018}
}

@article{long2018conditional,
  title={Conditional adversarial domain adaptation},
  author={Long, Mingsheng and Cao, Zhangjie and Wang, Jianmin and Jordan, Michael I},
  journal={Advances in neural information processing systems},
  volume={31},
  year={2018}
}

@article{farahani2021brief,
  title={A brief review of domain adaptation},
  author={Farahani, Abolfazl and Voghoei, Sahar and Rasheed, Khaled and Arabnia, Hamid R},
  journal={Advances in Data Science and Information Engineering: Proceedings from ICDATA 2020 and IKE 2020},
  pages={877--894},
  year={2021},
  publisher={Springer}
}

@inproceedings{blitzer2007learning,
 author = {Blitzer, John and Crammer, Koby and Kulesza, Alex and Pereira, Fernando and Wortman, Jennifer},
 booktitle = {Advances in Neural Information Processing Systems},
 editor = {J. Platt and D. Koller and Y. Singer and S. Roweis},
 pages = {},
 publisher = {Curran Associates, Inc.},
 title = {Learning Bounds for Domain Adaptation},
 url = {https://proceedings.neurips.cc/paper/2007/file/42e77b63637ab381e8be5f8318cc28a2-Paper.pdf},
 volume = {20},
 year = {2007}
}

@article{tzeng2014deep,
  title={Deep domain confusion: Maximizing for domain invariance},
  author={Tzeng, Eric and Hoffman, Judy and Zhang, Ning and Saenko, Kate and Darrell, Trevor},
  journal={arXiv preprint arXiv:1412.3474},
  year={2014}
}

-- Semi-supervised learning (SemiSL) --
@article{chapelle2009semi,
  title={Semi-supervised learning (chapelle, o. et al., eds.; 2006)[book reviews]},
  author={Chapelle, Olivier and Scholkopf, Bernhard and Zien, Alexander},
  journal={IEEE Transactions on Neural Networks},
  volume={20},
  number={3},
  pages={542--542},
  year={2009},
  publisher={IEEE}
}

@article{sohn2020fixmatch,
  title={Fixmatch: Simplifying semi-supervised learning with consistency and confidence},
  author={Sohn, Kihyuk and Berthelot, David and Carlini, Nicholas and Zhang, Zizhao and Zhang, Han and Raffel, Colin A and Cubuk, Ekin Dogus and Kurakin, Alexey and Li, Chun-Liang},
  journal={Advances in Neural Information Processing Systems},
  volume={33},
  pages={596--608},
  year={2020}
}

@inproceedings{lienen2021credal,
 author = {Lienen, Julian and H\"{u}llermeier, Eyke},
 booktitle = {Advances in Neural Information Processing Systems},
 editor = {M. Ranzato and A. Beygelzimer and Y. Dauphin and P.S. Liang and J. Wortman Vaughan},
 pages = {14370--14382},
 publisher = {Curran Associates, Inc.},
 title = {Credal Self-Supervised Learning},
 url = {https://proceedings.neurips.cc/paper/2021/file/7866c91c59f8bffc92a79a7cd09f9af9-Paper.pdf},
 volume = {34},
 year = {2021}
}

@inproceedings{gong2021alphamatch,
  title={AlphaMatch: Improving Consistency for Semi-supervised Learning with Alpha-divergence},
  author={Gong, Chengyue and Wang, Dilin and Liu, Qiang},
  booktitle={Proceedings of the IEEE/CVF Conference on Computer Vision and Pattern Recognition},
  pages={13683--13692},
  year={2021}
}

@article{zhou2018semi,
  title={When semi-supervised learning meets transfer learning: Training strategies, models and datasets},
  author={Zhou, Hong-Yu and Oliver, Avital and Wu, Jianxin and Zheng, Yefeng},
  journal={arXiv preprint arXiv:1812.05313},
  year={2018}
}

@inproceedings{wang2021neighbor,
title={Neighbor Matching for Semi-supervised Learning},
author={Wang, Renzhen and Wu, Yichen and Chen, Huai and Wang, Lisheng and Meng, Deyu},
booktitle={International Conference on Medical Image Computing and Computer-Assisted Intervention},
pages={439--449},
year={2021},
organization={Springer}
}

@article{tarvainen2017mean,
  title={Mean teachers are better role models: Weight-averaged consistency targets improve semi-supervised deep learning results},
  author={Tarvainen, Antti and Valpola, Harri},
  journal={Advances in neural information processing systems},
  volume={30},
  year={2017}
}

@inproceedings{blum1998combining,
  title={Combining labeled and unlabeled data with co-training},
  author={Blum, Avrim and Mitchell, Tom},
  booktitle={Proceedings of the eleventh annual conference on Computational learning theory},
  pages={92--100},
  year={1998}
}


-- Causality --
@article{fisher1936design,
  title={Design of experiments},
  author={Fisher, Ronald Aylmer},
  journal={British Medical Journal},
  volume={1},
  number={3923},
  pages={554},
  year={1936},
  publisher={BMJ Publishing Group}
}

@article{mooij2020joint,
  title={Joint Causal Inference from Multiple Contexts},
  author={Mooij, Joris M and Magliacane, Sara and Claassen, Tom},
  journal={Journal of Machine Learning Research},
  volume={21},
  number={99},
  pages={1--108},
  year={2020}
}

@article{castro2020causality,
  title={Causality matters in medical imaging},
  author={Castro, Daniel C and Walker, Ian and Glocker, Ben},
  journal={Nature Communications},
  volume={11},
  number={1},
  pages={1--10},
  year={2020},
  publisher={Nature Publishing Group}
}

@inproceedings{parascandolo2018learning,
  title={Learning independent causal mechanisms},
  author={Parascandolo, Giambattista and Kilbertus, Niki and Rojas-Carulla, Mateo and Sch{\"o}lkopf, Bernhard},
  booktitle={International Conference on Machine Learning},
  pages={4036--4044},
  year={2018},
  organization={PMLR}
}

@book{peters2017elements,
  title={Elements of causal inference: foundations and learning algorithms},
  author={Peters, Jonas and Janzing, Dominik and Sch{\"o}lkopf, Bernhard},
  year={2017},
  publisher={The MIT Press}
}

@book{pearl2009causality,
  title={Causality},
  author={Pearl, Judea},
  year={2009},
  publisher={Cambridge university press}
}

@article{noether1918invariante,
  title={Invariante Variationsprobleme},
  author={Noether, E},
  journal={Nachrichten von der Gesellschaft der Wissenschaften zu G{\"o}ttingen, Mathematisch-Physikalische Klasse},
  volume={1918},
  pages={235--257},
  year={1918}
}

@article{bronstein2021geometric,
  title={Geometric deep learning: Grids, groups, graphs, geodesics, and gauges},
  author={Bronstein, Michael M and Bruna, Joan and Cohen, Taco and Veli{\v{c}}kovi{\'c}, Petar},
  journal={arXiv preprint arXiv:2104.13478},
  year={2021}
}

@article{bengio2019meta,
  title={A meta-transfer objective for learning to disentangle causal mechanisms},
  author={Bengio, Yoshua and Deleu, Tristan and Rahaman, Nasim and Ke, Rosemary and Lachapelle, S{\'e}bastien and Bilaniuk, Olexa and Goyal, Anirudh and Pal, Christopher},
  journal={arXiv preprint arXiv:1901.10912},
  year={2019}
}

@article{peters2016causal,
  title={Causal inference by using invariant prediction: identification and confidence intervals},
  author={Peters, Jonas and B{\"u}hlmann, Peter and Meinshausen, Nicolai},
  journal={Journal of the Royal Statistical Society. Series B (Statistical Methodology)},
  pages={947--1012},
  year={2016},
  publisher={JSTOR}
}

-- Misc. --
@book{ben2009robust,
  author={Ben-Tal, A. and El Ghaoui, L. and Nemirovski, A.S.},
  month={October},
  publisher={Princeton University Press},
  series={Princeton Series in Applied Mathematics},
  title={Robust Optimization},
  year={2009}
}
